2340 3990
261 168 314 202 v1
756 132 759 134 ’
971 151 1337 199 PRAETATIO.

262 298 423 359 poetae
474 293 658 340 laudem
691 293 865 340 auctori
898 292 1161 340 vindicaret.
1231 293 1278 339 Si
1328 291 1562 354 tragoedia
1602 295 1673 338 est
1706 308 1765 339 ex
1799 291 2056 340 Aristotelis

270 391 532 439 definitione
581 391 653 451 (A.
703 391 751 437 Ρ.
803 406 896 452 cap.
933 392 979 450 6)
1025 393 1214 450 μίμησις
1255 388 1466 451 πράξεως
1511 389 1795 446 σπουδαίας,
1830 389 1886 438 δι’
1922 390 2060 439 ἐλέου

269 492 350 538 καὶ
402 488 552 550 Φόβου
610 490 884 548 περαίνουσσι
942 494 1026 541 τῆν
1079 490 1168 535 τῶν
1218 490 1439 535 τοιούτων
1487 487 1772 546 παθημάτων
1819 488 2064 546 κάθαρσιν,

268 581 395 628 haud
442 581 574 628 facile
621 580 819 627 fabulam
873 579 1103 637 invenias,
1150 595 1267 644 quae
1313 578 1373 625 ad
1420 579 1597 626 animos
1635 582 1808 626 terrore
1850 583 1896 626 et
1933 578 2068 626 mise-

268 677 466 726 ricordia
505 693 648 741 aeque
699 692 751 723 ac
802 675 1024 738 religione
1077 679 1122 723 et
1162 675 1462 724 admiratione
1497 675 1850 723 commovendos
1885 675 1943 723 sit
1977 676 2071 723 effi-

271 774 432 822 cacior.
501 772 772 821 Ostenditur
815 772 1174 836 spectatoribus,
1228 776 1280 819 ut
1329 773 1379 819 in
1418 772 1586 819 illustri
1620 772 1800 829 tabula,
1836 788 1974 837 quam
2007 773 2070 819 fe-

272 871 420 919 cunda
452 870 677 917 malorum
710 873 855 916 mater
889 869 948 916 sit
982 870 1139 931 ἷίβρις,
1177 873 1321 934 utque
1357 869 1461 917 diva
1493 869 1705 917 Nemesis
1728 870 1852 916 lente
1881 869 2071 934 quidem

273 972 318 1016 et
366 967 525 1024 tacite,
576 970 698 1013 certo
731 970 886 1014 tamen
920 966 1067 1029 gradu
1101 970 1371 1031 assequatur
1410 967 1582 1024 scelus,
1618 983 1703 1014 nec
1737 971 1843 1014 ante
1880 966 2071 1014 desistat

269 1081 409 1130 quam
448 1064 576 1112 nefas
618 1064 854 1127 expiatum
896 1067 941 1111 et
979 1063 1158 1125 justitia
1201 1063 1434 1111 vindicata
1473 1064 1545 1111 sit.
1611 1063 1677 1111 Ut
1725 1064 1792 1111 rei
1845 1064 1963 1111 actio
2008 1064 2074 1112 ita

271 1165 459 1224 agentes
496 1177 741 1225 personae,
787 1177 1065 1225 quamquam
1100 1177 1390 1209 communem
1423 1161 1685 1209 mortalium
1720 1161 1911 1209 modum
1945 1178 2076 1224 exce-3

272 1259 410 1316 dunt,
443 1262 596 1306 tamen
632 1275 656 1305 e
690 1262 855 1305 natura
891 1261 936 1304 et
967 1257 1158 1305 veritate
1196 1262 1304 1305 sunt
1340 1274 1595 1321 expressae.
1662 1258 1949 1306 Tribuuntur
1982 1259 2074 1307 cui-
2116 1301 2120 1306 .

272 1372 362 1420 que
413 1371 562 1403 mores
614 1359 660 1403 et
708 1359 861 1419 partes
910 1355 1096 1417 ingenio
1142 1359 1187 1402 et
1224 1355 1435 1402 fortunae
1476 1356 1699 1420 cujusque
1736 1357 2072 1405 convenientes.

274 1453 421 1500 Aliter
472 1452 610 1499 sentit
660 1455 706 1499 et
757 1451 963 1516 loquitur
1007 1451 1126 1498 fidus
1159 1451 1312 1514 regiae
1348 1451 1512 1499 domus
1547 1452 1738 1511 Custos,
1774 1454 1905 1502 aliter
1936 1455 2074 1503 Miles

269 1547 602 1612 jactabundus,
648 1548 779 1595 aliter
827 1548 1069 1612 primariae
1117 1548 1333 1596 dramatis
1366 1567 1604 1614 personae.
1666 1551 2074 1616 Clytaemnestrae,

275 1646 405 1708 cujus
455 1645 680 1692 maximae
729 1648 837 1692 sunt
881 1645 932 1692 in
982 1646 1067 1693 hac
1116 1646 1349 1709 tragoedia
1390 1652 1566 1712 partes,
1611 1650 1756 1697 oratio
1805 1667 1890 1714 pro
1922 1667 2077 1698 rerum

277 1743 539 1792 conditione
575 1747 644 1790 est
665 1743 803 1790 modo
835 1743 1036 1801 tumida,
1071 1744 1210 1792 modo
1247 1744 1461 1804 subdola,
1495 1746 1634 1794 modo
1662 1763 1834 1804 amara3
1863 1748 2077 1796 universe

280 1845 434 1890 autem
467 1841 672 1896 ἧΘοποιῖκ
705 1841 810 1888 talis
850 1845 945 1900 est,
979 1845 1034 1889 ut
1065 1842 1115 1890 in
1146 1843 1512 1906 Agamemnone,
1546 1845 1754 1909 quamvis
1787 1861 1883 1893 non
1916 1846 2077 1910 culpae

277 1956 444 1997 vacuo,
477 1943 631 1986 tamen
663 1939 1006 2001 magnanimum
1039 1956 1200 2002 regum
1235 1936 1483 2005 suspicias3
1507 1941 1556 1989 in
1582 1942 1966 2006 Clytaemnestra,
1992 1943 2078 1991 etsi

279 2037 519 2094 scelerata,
565 2036 883 2084 fortitudinem
917 2036 1057 2084 animi
1090 2037 1339 2095 admirere;
1375 2038 1678 2087 Cassandram
1710 2040 1887 2087 nescias
1921 2045 2078 2088 utrum

280 2136 338 2183 ob
387 2135 516 2182 triste
565 2134 711 2182 fatum
755 2151 945 2198 querare
983 2135 1129 2197 magis
1173 2151 1232 2182 an
1282 2136 1339 2183 ob
1385 2137 1636 2184 masculam
1679 2138 1896 2186 virtutem
1937 2139 2080 2187 extol-

280 2233 371 2290 las,
417 2248 476 2280 an
521 2232 719 2297 denique
771 2233 829 2280 ob
878 2231 1136 2295 virgineum
1184 2233 1411 2298 pudorem
1461 2251 1585 2282 ames
1631 2251 1683 2282 ac
1722 2235 1907 2299 dssigas3
1945 2236 2082 2299 Aegi-

281 2331 435 2378 sthum
474 2347 581 2378 vero
620 2334 673 2377 ut
722 2330 948 2377 nefarium
988 2331 1232 2377 Furiarum
1271 2331 1533 2379 ministrum
1574 2331 1800 2380 detestere
1835 2337 1880 2380 et
1919 2332 2081 2381 oderis,

281 2428 339 2475 In
374 2428 522 2475 Choro
557 2431 711 2475 autem
744 2444 908 2475 senum
938 2428 1139 2475 cernitur
1161 2428 1303 2475 animi
1327 2428 1512 2476 tristitia
1535 2428 1780 2477 dulcedine
1803 2434 2083 2494 temperata,

284 2524 440 2572 senilis
494 2524 732 2572 infirmitas
787 2524 1031 2589 prudentia
1089 2529 1133 2572 et
1182 2526 1403 2588 gravitate
1446 2526 1574 2575 fulta.
1641 2527 1812 2575 Videre
1861 2532 1908 2576 te
1947 2532 2084 2593 putes

285 2638 530 2685 generosae
581 2622 753 2669 arboris
803 2626 1041 2680 truncum,
1097 2623 1250 2685 cujus,
1300 2628 1353 2671 ut
1385 2628 1548 2688 poetae
1581 2625 1733 2673 verbis
1765 2631 1892 2684 utar,
1927 2643 2084 2691 quam-

286 2736 423 2783 quam
461 2719 647 2767 frondes
689 2724 1026 2778 emarcuerunt,
1069 2724 1224 2769 tamen
1256 2721 1461 2770 medulla
1493 2722 1700 2770 nondum
1735 2723 1926 2772 exaruit.
1979 2723 2085 2771 Car-

286 2816 412 2864 mina
445 2817 570 2864 chori
602 2818 806 2864 referunt
839 2818 1047 2866 altiorem
1079 2823 1301 2877 mentem,
1338 2837 1456 2884 quae
1492 2836 1598 2867 cum
1619 2820 1926 2868 humanarum
1949 2821 2085 2869 actio-

287 2931 401 2962 num
449 2915 675 2979 principia
726 2919 772 2962 et
821 2916 1149 2981 consequentia
1200 2917 1368 2974 cernit,
1418 2921 1518 2964 tum
1569 2917 1618 2964 in
1651 2918 1914 2965 mortalium
1946 2919 2085 2966 rebus

288 3011 492 3074 agnoscit
526 3013 749 3059 occultam
784 3013 996 3077 quidem,
1031 3014 1216 3076 vigilem
1249 3019 1403 3062 tamen
1446 3015 1628 3078 providi
1661 3015 1865 3062 numinis
1900 3032 2053 3063 curam
2071 3053 2084 3073 ,

283 3109 397 3171 justi
432 3113 476 3156 et
509 3109 644 3173 aequi
676 3109 924 3168 vindicem,
961 3128 1077 3175 quae
1112 3128 1196 3159 suo
1228 3116 1434 3175 tempore
1466 3113 1594 3159 velut
1628 3129 1892 3176 erumpens,
1930 3130 2088 3176 super-

289 3207 374 3254 bos
409 3205 646 3270 deprimit,
682 3223 923 3270 oppressos
958 3208 1115 3270 erigit,
1169 3213 1214 3256 et
1257 3210 1393 3257 rebus
1436 3209 1638 3257 adversis
1680 3226 1838 3274 sapere
1871 3211 2086 3259 mortales

295 3303 441 3351 docet.
502 3302 632 3350 Haec
683 3304 824 3351 animi
875 3306 1102 3353 sententia
1152 3310 1220 3354 est
1262 3306 1365 3354 fons
1407 3323 1464 3354 ex
1498 3323 1590 3371 quo
1640 3308 1767 3355 velut
1808 3309 1861 3356 ἐκ
1897 3310 2084 3369 βαθείας

291 3403 463 3458 monog
500 3401 796 3448 saluberrima
827 3402 1117 3450 efflorescunt
1149 3404 1283 3451 effata
1317 3408 1362 3451 et
1395 3403 1659 3466 gravissima
1693 3408 1955 3468 praecepta,
1990 3404 2088 3470 qui-

297 3499 385 3547 bus
417 3499 601 3563 penitus
634 3499 892 3546 inculcatur
923 3501 1154 3547 mentibus
1187 3500 1306 3547 illud

595 3596 807 3656 „Discite
835 3597 1059 3659 justitiam
1092 3598 1254 3647 moniti
1286 3614 1370 3646 nec
1403 3602 1606 3647 temnere
1642 3598 1814 3648 divos.”
