2340 3958
348 179 416 230 74
1071 180 1415 226 ΑΙΣΧΥΛΟΥ

676 330 872 393 ἕστηκεν
910 330 994 391 ἤδη
1032 337 1175 393 μῆλα
1213 330 1327 396 πρὸς
1366 333 1579 399 σφαγάς
1616 333 1789 400 πάρος,

344 446 446 494 955

671 444 731 500 ὡς
770 440 933 493 οὔποτ’
972 439 1202 492 ἐλπίσασι
1241 439 1369 501 τήνδ’
1410 438 1530 503 ἕξειν
1567 441 1725 508 χάριν.

671 553 730 604 σὺ
764 551 819 610 δ’,
860 548 905 602 εἴ
937 569 984 602 τι
1025 547 1208 615 δράσεις
1245 550 1413 613 τῶνδε,
1453 553 1523 615 μὴ
1561 554 1748 617 σχολὴν
1783 552 1910 604 τίθει.

669 661 708 713 εἰ
742 659 780 712 δ’
818 658 1071 725 ἀξυνήμων
1108 657 1238 713 οὖσαΓ
1264 662 1335 725 μὴ
1373 661 1504 727 δέχει
1542 663 1709 726 λόγον,

2049 679 2151 717 1060

668 766 742 822 ὧδ’
780 768 887 822 άντὶ
925 773 1088 836 φωνῆς
1129 768 1287 837 φράζε
1323 771 1551 837 καρβάνῳ
1588 772 1711 838 χερί.

524 888 630 933 ΧΟ.

341 992 443 1042 960

521 1108 626 1153 ΚΛ.

667 1207 767 1270 ἥτις
804 1212 1017 1261 λιποῦσα
1058 1213 1148 1271 μὲν
1186 1208 1325 1261 πόλιν
1364 1208 1596 1275 νεαίρετος

672 878 901 944 ἑρμηνέως
939 877 1082 931 ἔοικεν
1120 880 1148 940 ἦ
1187 877 1294 941 ξένη
1332 886 1463 946 τοροῦ

670 989 874 1042 δεῖσθαι·
911 988 1081 1056 τρόπος
1121 988 1170 1040 δὲ
1208 989 1336 1055 θηρὸς
1375 991 1435 1049 ὡς
1475 990 1726 1056 νεαιρέτου.

667 1098 694 1162 ἦ
731 1099 959 1164 μαίνεται
1002 1118 1065 1161 γε
1102 1099 1186 1151 καὶ
1225 1103 1384 1151 κακῶν
1421 1100 1554 1152 κλύει
1591 1104 1795 1167 φρενῶν,

2045 1227 2148 1265 1065

669 1317 796 1379 ἥκει,
834 1318 1038 1383 χαλινὸν
1070 1317 1109 1370 δ’
1148 1319 1231 1370 οὐκ
1269 1317 1535 1371 ἐπίσταται
1573 1318 1732 1386 φέρειν

669 1428 776 1495 πρὶν
815 1427 1086 1493 αἱματηρὸν
1126 1426 1463 1496 ἐξαφρίζεσθαι
1501 1429 1656 1493 με’νος.

341 1543 444 1591 965

523 1657 630 1702 ΧΟ.

669 1757 739 1823 ἴθ’,
776 1755 810 1812 ὦ
846 1758 1088 1822 τάλαινα,
1128 1759 1250 1813 τόνδ’
1289 1762 1561 1828 §mucha-066⁹
1599 1762 1737 1828 ἕχον,

669 1540 719 1591 οὐ
759 1539 855 1601 μὴν
893 1537 1027 1590 πλέω
1066 1537 1233 1604 ῥίφασ’
1270 1540 1681 1604 άτιμασθήσομαι.

670 1649 765 1711 ἐγὼ
799 1648 855 1710 δ’,
896 1647 1162 1714 ἐποικτείρω
1201 1649 1330 1715 γάρ,
1362 1653 1420 1704 ,οὐ
1460 1650 1751 1715 θυμώσομαι.

663 1868 833 1922 εἴκουσ’
871 1869 1064 1936 άνάγκῃ
1100 1870 1214 1937 τῇδε
1252 1871 1458 1925 καίνισον
1496 1872 1654 1938 ζυγόν.

332 2073 382 2111 v.
414 2074 507 2112 954.
548 2045 691 2126 σφαγὰς
727 2077 855 2126 πυρός.
929 2072 1023 2111 958.
1062 2073 1105 2112 σὺ
1145 2069 1175 2111 δ’
1212 2075 1308 2114 ἀντὶ.
1379 2072 1475 2111 962.
1518 2076 1618 2115 πόλιν
1651 2077 1853 2131 νεαίρετον.
1911 2074 2005 2114 964.
2037 2074 2144 2114 Hinc

386 2158 516 2185 rursus
540 2144 675 2197 incipit
700 2146 782 2184 cod.
810 2146 871 2184 M.
900 2147 939 2183 et
967 2145 1016 2183 G.

331 2294 447 2345 φάλου
474 2295 619 2347 πάρος,
648 2290 748 2342 quod
777 2290 906 2329 eodem
922 2291 1033 2330 modo
1048 2291 1192 2330 dictum

329 2371 373 2397 ac
400 2371 515 2410 supra
543 2372 599 2397 vs.
629 2358 710 2397 210
736 2362 814 2413 πρὸ
827 2363 976 2412 βωμοῦ.
1008 2358 1195 2398 Similiter

1018 2426 1194 2479 Choeph.

329 2493 409 2532 390
440 2498 599 2551 πάροιθε
627 2502 789 2550 πρώρας
808 2517 856 2523 —-
885 2495 1055 2549 καρδίας.

382 2562 479 2606 958,
535 2567 657 2618 φράζε
718 2566 901 2617 καρβάνῳ
943 2565 1057 2617 χερί,
1107 2575 1192 2600 cum

329 2632 522 2668 contemtu
559 2631 729 2676 dictum3
776 2630 835 2670 ὧδ’
866 2631 1010 2669 indicat
1039 2629 1191 2681 Clytae-

327 2699 552 2744 mnestram,
579 2697 669 2736 dum
697 2697 770 2736 hoc
798 2697 912 2744 dicit,
943 2696 1056 2736 simul
1083 2699 1193 2749 gestu

328 2763 566 2816 significare,
598 2763 689 2815 quid
718 2762 765 2803 ab
793 2776 836 2802 ea
864 2763 947 2803 fieri
977 2763 1155 2816 postulet.

382 2831 476 2870 960.
535 2833 644 2887 θηρὸς
687 2833 737 2878 ὡς
775 2836 980 2887 νεαιρέτου.
1041 2831 1191 2872 Chorus

326 2899 398 2938 hac
440 2900 723 2950 comparatione
776 2899 898 2938 utitur
926 2904 968 2937 ut
994 2898 1190 2938 insolitum

326 2966 495 3018 captivae
522 2965 694 3005 habitum
723 2969 903 3013 excuset3
945 2965 1186 3018 Clytaemne-

326 3036 405 3073 stra
432 3046 545 3080 vero,
590 3038 634 3072 ut
661 3034 782 3086 ipsam
810 3047 854 3073 eo
883 3034 1003 3086 magis
1031 3037 1186 3087 carpat,

326 3101 358 3140 si
385 3104 572 3156 νεαίρετος
601 3101 693 3143 οὖσα
720 3101 961 3141 recalcitrare
988 3103 1137 3142 audeat.

381 3169 475 3208 964.
530 3173 618 3224 πρὶν
670 3172 885 3225 αἱματηρὸν
922 3171 1189 3225 ἐξαφρίζεσθαι

326 3242 448 3288 μένος.
493 3235 662 3275 Verbum
680 3239 953 3293 ἐξαφρίζεσθαι
970 3239 1090 3277 tribus
1105 3250 1186 3276 mo·

325 3304 381 3342 dis
422 3302 542 3354 accipi
583 3316 692 3356 posse
734 3306 908 3351 videtur,
951 3304 1012 3344 vel
1051 3307 1188 3344 neutro

325 3383 435 3410 sensu
466 3370 526 3408 vel
560 3370 683 3410 activo
712 3371 772 3410 vel
799 3372 962 3423 passivo.
1020 3372 1121 3412 Nam
1150 3374 1188 3412 et

324 3440 427 3476 recte
466 3443 576 3489 μένος
613 3437 751 3476 dicitur
792 3440 1087 3495 ἐξαφρίζεσθαι,
1119 3454 1184 3479 ex-

324 3517 523 3556 spumare,
553 3518 669 3557 quum
690 3505 746 3544 ira
769 3506 810 3544 in
826 3519 998 3558 spumam
1023 3510 1105 3546 acta
1121 3507 1183 3547 de·

322 3573 499 3613 fervescit
508 3590 518 3620 3
536 3576 572 3612 et
587 3575 856 3630 ἐξαφρίζεσθαι
872 3576 1111 3630 (ἐξαφρίζειν)
1128 3591 1186 3620 τις

330 2438 387 2464 vs.
424 2426 501 2468 179
530 2430 662 2467 θάσσει
690 2430 766 2482 πρὸ
796 2427 952 2483 καρδίας

1087 2144 1182 2184 965.
1215 2148 1510 2197 ἀτιμωθήσομαι
1525 2146 1574 2185 G.
1591 2147 1633 2185 M
1651 2148 1670 2185 P
1728 2149 1818 2186 968.
1850 2148 1969 2189 ἕκουσ’
1986 2151 2139 2200 ἀνάγκη.

1278 2298 1411 2345 μένος,
1458 2294 1687 2346 despumare
1713 2296 1837 2342 iram,
1880 2296 1920 2335 h.
1946 2308 1980 2335 e.
2008 2295 2143 2335 emissa

1276 2374 1410 2412 spuma
1438 2361 1518 2400 irae
1547 2362 1722 2401 ardorem
1753 2362 1978 2409 remittere3
2009 2365 2047 2402 et
2073 2363 2140 2401 de-

1274 2430 1446 2480 spumam·
1475 2429 1615 2469 dicitur
1638 2430 1719 2477 ira,
1749 2443 1867 2482 quum
1886 2443 2062 2483 expressa
2076 2442 2143 2470 ore

1275 2509 1409 2549 spuma
1437 2497 1614 2537 d'omatur
1637 2498 1818 2550 impetus.
1849 2498 2041 2538 Junctura
2054 2510 2140 2537 sua-

1275 2564 1338 2602 det:
1391 2569 1434 2602 ut
1486 2565 1608 2604 active
1658 2566 1984 2618 interpretemur:
2027 2569 2139 2604 ante·

1274 2645 1390 2684 quam
1430 2637 1636 2672 cruentato
1672 2646 1739 2672 ore
1760 2633 1960 2684 fervorem
2001 2633 2138 2684 despu-

1276 2700 1451 2739 maverit.
1507 2700 1649 2739 Similis
1688 2699 1793 2740 color
1826 2700 1867 2738 in
1905 2700 1978 2739 hoc
2007 2699 2137 2752 Virgi-

1273 2766 1374 2806 liano
1402 2767 1702 2824 quodssontulit
1731 2767 1950 2814 Stanleim,
1994 2768 2138 2820 Georg.

1270 2834 1367 2883 III,
1412 2835 1520 2875 203:
1572 2848 1727 2888 spumas
1768 2836 1854 2888 aqit
1894 2848 1962 2874 ore
1999 2847 2136 2874 cruen-

1269 2907 1345 2942 tas.

1327 2969 1420 3008 968.
1475 2971 1634 3011 καίνισον
1696 2974 1827 3022 ζυγόν,
1867 2967 1976 3021 quasi
2016 2968 2137 3008 initia

1268 3035 1355 3083 vel,
1409 3039 1452 3075 ut
1491 3037 1600 3076 latini
1643 3041 1778 3089 poetae
1821 3035 1936 3075 etiam
1978 3034 2133 3083 dicunt,

1268 3103 1396 3143 imbue
1429 3103 1590 3156 jugum,
1641 3106 1685 3142 ut
1722 3103 2000 3156 interpretatur
2030 3103 2134 3143 Her-

1268 3183 1430 3210 mannus
1475 3170 1595 3209 citans
1636 3169 1796 3210 Ruhnk,
1825 3169 1871 3208 ad
1901 3168 2053 3209 Gallim.
2082 3171 2134 3210 fr.

1271 3238 1364 3277 119.
1419 3237 1543 3277 Simili
1584 3250 1696 3276 sensu
1743 3236 1915 3276 dissimili
1958 3239 2134 3277 constru-

1268 3304 1391 3344 etione
1427 3304 1469 3343 in
1512 3304 1687 3356 Choe'ph.
1732 3305 1840 3343 492:
1899 3311 2074 3358 μέμνησο
2102 3304 2135 3345 δ’

1267 3373 1560 3428 ἀμφΙβλησι-ρον
1587 3371 1617 3426 ᾧ
1642 3368 1676 3411 σ’
1706 3374 1891 3414 ἐκαίνισαν
1901 3391 1910 3419 ;
1955 3374 2135 3425 intelligit

1267 3451 1409 3478 novum
1451 3438 1574 3489 laquei
1608 3451 1727 3490 genus
1764 3452 1839 3490 quo
1868 3441 2132 3492 Agamemnon

1265 3505 1372 3559 quasi
1411 3504 1582 3544 initiatus
1630 3508 1725 3546 erat.
1783 3506 1902 3546 Plura
1944 3506 2132 3547 Abresch.

1265 3573 1312 3612 ad
1339 3573 1378 3612 h.
1399 3571 1426 3611 l.
1456 3577 1494 3611 et
1522 3573 1658 3625 Steph.
1688 3574 1802 3614 Thes.
1830 3587 1864 3615 s.
1891 3587 1930 3614 v.

2043 1782 2147 1825 1070
2218 1840 2228 1842 -
