2340 3958
297 213 368 260 42
1032 214 1377 260 ΑΙΣΧΥΛΟΥ

636 381 719 428 τοῦ
756 374 907 442 ῥυσίου
947 375 985 426 θ’
1024 373 1210 440 ἥμαρτε
1248 374 1330 426 καὶ
1369 373 1661 442 πανώλεθρον
2027 398 2102 435 535

628 485 913 551 αὐτόχθονον
952 486 1167 552 πατρῷον
1206 485 1377 550 ἔθρισεν
1415 484 1565 548 δόμον.

631 596 777 663 διπλῇ
817 594 855 647 δ’
895 593 1059 648 ἔτισαν
1098 595 1360 661 Πριαμίδαι
1407 594 1669 659 θοίμαρτία.

482 717 585 761 ΧΟ.
624 705 770 773 κῆρυξ
810 709 1026 773 Ἀχαιῶν
1063 712 1211 772 χαῖρε
1249 711 1342 758 τῶν
1380 706 1480 759 απὸ
1515 710 1738 771 στρατοῦ.

295 820 400 870 480
477 827 579 871 KH.
623 817 810 884 χαίρω·
849 817 905 869 τὸ
944 816 1165 870 τεθνάναι
1204 816 1242 868 δ’
1281 816 1434 869 οὐκέτ’
1471 818 1648 881 οὶντερῶ
1687 816 1818 873 θεοῖς.

482 936 587 981 ΧΟ.
628 925 736 994 ἔρως
775 925 1005 994 πατρῴας
1039 925 1180 987 ‘rme
1213 933 1307 988 γῆς
1341 924 1385 977 o·'
1420 925 1714 990 ἐγύμνασεν.

2029 946 2106 983 540

476 1047 579 1092 ΚΗ.
625 1036 736 1091 ὥστ’
775 1037 1044 1103 ἕκδακρύειν
1078 1038 1130 1100 γ’
1169 1035 1383 1100 ὄμμασιν
1420 1039 1589 1103 χαρᾶς
1629 1034 1734 1090 ὕπο.

473 1157 578 1202 ΧΟ.
617 1153 821 1213 τερπνῆς
859 1145 933 1213 ἄρ’
955 1145 1091 1208 ,ἦστε
1130 1146 1261 1206 τῆςδ’
1299 1145 1528 1209 ἐπήβολοι
1569 1145 1716 1198 νόσου.

474 1266 577 1311 ΚΗ.
624 1261 723 1315 πῶς
762 1255 815 1316 δὴ
855 1254 1096 1320 διδαχθεὶς
1134 1254 1270 1307 τοῦδε
1309 1254 1526 1307 δεσπόσω
1565 1255 1739 1317 λόγους

294 1372 398 1421 485
458 1376 584 1420 ·ΧΟ.
622 1370 713 1418 τῶν
751 1365 1049 1431 ἀντερώντων
1088 1364 1230 1430 ἱμέρῳ
1275 1365 1631 1427 πεπληγμένοι.

473 1486 576 1531 KH.
623 1477 777 1529 ποθεῖν
811 1475 1046 1528 ποθοῦντα
1082 1475 1221 1538 τήνδε
1259 1481 1352 1538 γῆν
1392 1475 1596 1543 στρατὸν
1634 1475 1811 1538 λέγεις.

287 1649 338 1688 V.
367 1648 462 1690 478.
507 1648 622 1687 διπλᾶ
656 1669 710 1675 -
752 1649 963 1700 θάμάρτια.

2026 1494 2102 1532 545

1035 1645 1130 1684 480.
1160 1649 1355 1694 τεθνᾶνοιι,
1387 1643 1526 1684 omisso
1555 1648 1613 1686 τὸ.
1670 1644 1766 1684 482.
1797 1644 2005 1699 ἐνδακρύειν
2041 1642 2101 1681 Pl.

347 1721 442 1760 483.
472 1719 537 1777 ἄρ’
568 1723 651 1760 ἴστε
682 1717 741 1757 Fl.
771 1718 837 1774 ἄρ’
862 1720 932 1765 ἦτε
961 1717 1076 1757 Farn.
1134 1719 1230 1757 485.
1259 1720 1541 1771 πεπληγμένος.

289 1849 360 1888 luit
389 1861 432 1888 eo
461 1849 562 1901 quod
589 1853 656 1890 τοῦ
682 1850 811 1903 ῥυσίου
838 1852 1036 1904 ἥμαρτεν,
1081 1851 1157 1903 ἁρ-

290 1922 413 1970 παγὴν
468 1930 510 1956 eo
561 1916 661 1968 quod
703 1915 868 1968 raptoris
913 1928 1074 1967 regnum
1118 1918 1156 1954 et

291 1985 416 2037 patria
453 1987 598 2023 vastata
624 1982 755 2023 sunt.”
783 2005 836 2013 —-
883 1983 986 2034 Quid
1012 1983 1062 2021 sit
1089 1985 1156 2024 τοῦ

291 2054 419 2107 ῥυσίου
442 2056 640 2108 ἥμαρτεν,
682 2063 760 2090 non
800 2050 900 2089 clare
926 2049 1154 2103 explicatum

292 2132 363 2159 nec
416 2133 438 2158 a
492 2119 627 2158 ceteris
678 2117 952 2171 interpretibus
993 2131 1063 2157 nec
1107 2116 1154 2156 ab

293 2187 546 2235 Hermanno,
567 2186 633 2238 qui
661 2186 706 2225 de
729 2186 802 2225 hoc
825 2184 1007 2226 vocabulo
1033 2184 1151 2225 subti-

290 2255 364 2294 lius
402 2268 516 2307 quam
547 2254 688 2293 rectius
719 2253 883 2294 disserit.
938 2253 1076 2295 ‘Phoco-a
1103 2253 1151 2293 si-

293 2322 448 2374 gnificat
478 2322 627 2374 piqnus
667 2321 768 2372 quod
809 2334 880 2374 pro
922 2334 964 2360 re
1005 2322 1154 2360 ademta

294 2389 468 2442 capitur,
511 2402 534 2428 a
573 2390 729 2445 ῥύεσθαι
771 2388 999 2439 (Hesych.)‚
1042 2388 1156 2439 idque

293 2456 354 2498 vel
380 2456 537 2510 proprie
564 2456 624 2496 vel
659 2456 828 2509 tropice;
874 2455 1030 2509 proprie
1058 2456 1154 2494 acei-

293 2524 475 2577 piendum
514 2526 571 2563 est
607 2524 648 2562 in
676 2522 855 2575 Aeschyli
883 2522 1019 2576 Suppl.
1049 2526 1087 2562 et
1113 2523 1154 2562 in

293 2591 492 2645 Sophoclis
504 2591 601 2630 Oed.
617 2591 664 2630 C.
676 2598 751 2642 (vv.
765 2591 828 2630 cit.
843 2591 998 2639 Herm.)
1010 2591 1156 2644 tropice

294 2673 383 2699 vero
414 2661 523 2698 notat
559 2660 691 2716 λύτρον
716 2658 777 2698 vel
805 2663 973 2714 ἀμοιβήν
999 2657 1084 2706 vel,
1114 2658 1155 2697 in

294 2727 434 2780 plurali
461 2727 711 2779 praesertim,
755 2727 963 2766 vindicias.
1022 2726 1159 2778 Itaque

294 2795 450 2849 proprie
486 2796 614 2851 ῥυσίου
653 2798 888 2851 ἁμαρτάνειν
923 2794 1064 2833 dicitur
1102 2794 1156 2840 is,

295 2864 360 2915 qui
389 2875 459 2915 pro
487 2875 530 2902 re
560 2862 634 2915 ipsi
670 2863 818 2902 ademta
855 2863 996 2915 pignus
1024 2874 1159 2915 capere

295 2943 371 2969 non
388 2928 509 2977 valet,
540 2930 582 2968 h.
601 2943 633 2968 e.
659 2929 720 2968 cui
744 2929 904 2982 impune
929 2942 989 2968 res
1009 2929 1159 2968 ademta

297 3001 377 3044 est;
406 2997 519 3049 idque
547 2998 692 3050 optime
720 2997 863 3036 dictum
886 2996 927 3036 in
954 2996 1156 3044 Paridem,

298 3064 432 3117 opibus
474 3066 550 3104 suis
579 3065 630 3104 ita
661 3064 865 3117 spoliatum
902 3068 943 3103 ut
970 3063 1097 3103 nullus
1126 3063 1161 3103 ei

298 3131 453 3172 relictus
491 3135 588 3171 esset
627 3132 843 3171 vindicandi
885 3130 1002 3171 locus.
1061 3131 1157 3171 Vul-

297 3199 401 3252 garis
451 3198 677 3251 explicatio,
737 3212 811 3250 qua
855 3200 1161 3251 interpretantur

293 3267 483 3320 praedam
525 3280 550 3304 a
595 3267 757 3305 Graecis
784 3267 1024 3306 vindicalam
1051 3267 1106 3317 (h.
1125 3279 1159 3306 e.

300 3332 529 3380 Helenam),
566 3332 831 3384 significationi
862 3347 900 3371 v.
932 3334 1056 3389 ῥύσιον
1082 3346 1161 3372 non

298 3401 526 3442 conveniens
564 3408 634 3439 est.
672 3423 725 3429 —-
765 3403 982 3455 αὐτόχθονον
1009 3401 1160 3453 capien-

299 3469 391 3507 dum
435 3481 506 3520 pro
550 3470 645 3525 αὐτῇ
673 3473 721 3525 τῇ
749 3471 872 3522 χθονὶ,
918 3469 1063 3520 regiam
1093 3468 1159 3506 do-

302 3549 410 3576 mum
452 3549 533 3575 una
575 3550 659 3575 cum
695 3536 831 3587 patria
867 3535 1031 3588 perdidit
1042 3553 1053 3582 3
1089 3534 1163 3574 nisi

301 3602 412 3642 malis
454 3602 642 3656 explicare
683 3603 833 3642 domum
863 3616 947 3642 cum
974 3603 1058 3654 ipso
1081 3603 1162 3642 solo

1236 1847 1278 1886 in
1323 1860 1398 1899 quo
1440 1845 1590 1894 stabat,
1630 1846 1672 1886 h.
1698 1859 1732 1885 e.
1758 1845 1952 1899 funditus
1960 1862 1975 1891 ;
2004 1845 2105 1898 quod

1233 1914 1334 1953 idem
1350 1915 1458 1967 Sept.
1474 1914 1560 1956 adv.
1578 1914 1651 1953 Th.
1666 1913 1718 1956 71
1735 1913 1874 1952 dicitur
1890 1917 2103 1969 πρεμνόθεν

1236 1984 1484 2038 πανώλεθρον.
1529 1981 1626 2020 Mox
1660 1984 1802 2037 ἔθρισεν
1833 1993 1854 2019 a
1886 1982 2005 2036 θρἰζω
2031 1993 2103 2033 pro

1237 2052 1384 2106 θερίζω.
1422 2049 1509 2088 Vid.
1525 2048 1668 2088 Blomf.
1681 2071 1736 2078 —
1752 2051 1953 2105 θάμαρτία
1968 2048 2102 2095 dualis,

1234 2130 1302 2170 np.
1333 2120 1469 2165 κλοπήν
1495 2134 1539 2158 τε
1569 2119 1631 2157 καὶ
1660 2119 1849 2172 ἁρπαγήν.

1289 2185 1385 2228 479.
1430 2187 1547 2240 κῆρυξ
1583 2184 1668 2238 Ἀχ.
1707 2192 1780 2225 τῶν
1821 2187 1898 2224 ἀπὸ
1935 2186 2103 2240 στρατοῦ

1235 2254 1293 2292 est
1317 2265 1454 2304 graeca
1478 2252 1735 2299 constructio,
1763 2265 1834 2304 pro
1858 2250 2104 2303 quaenostri

1235 2320 1421 2359 sermonis
1448 2333 1556 2359 more
1586 2320 1729 2359 diceres
1747 2321 1865 2376 κῆρυξ
1883 2322 1960 2359 ἀπὸ
1979 2335 2104 2375 στρα-

1236 2392 1303 2429 τοῦ
1330 2395 1404 2429 τῶν
1417 2387 1592 2442 Ἀχαιῶν.
1626 2388 1746 2427 Recte
1759 2385 1922 2439 explicat
1938 2387 2104 2426 Kiihner

1239 2456 1310 2496 Gr.
1341 2456 1413 2495 Gr.
1445 2456 1581 2506 9623.

1288 2524 1384 2563 481.
1415 2524 1645 2577 ἐγύμνασεν,
1691 2521 1912 2569 commovit,
1943 2533 2103 2562 concus-

1237 2591 1314 2639 sit,
1346 2592 1492 2631 rariore
1522 2590 1628 2630 verbi
1655 2595 1741 2629 usu.
1773 2589 1862 2628 Vid.
1891 2587 2035 2629 Blomf.

1292 2660 1387 2698 483.
1419 2665 1582 2716 τερπνῆς
1621 2657 1685 2714 ἄρ’
1726 2659 1820 2704 ἦστε
1849 2660 1930 2698 κτλ.
1983 2656 2103 2696 Suam·

1237 2726 1362 2779 iyitur
1413 2727 1529 2766 hocce
1587 2726 1716 2765 morbo
1763 2726 1902 2778 affecti
1953 2724 2103 2771 eratis,

1237 2795 1279 2834 h.
1296 2807 1330 2834 e.
1360 2793 1480 2833 dulcis
1509 2795 1594 2832 erat
1616 2790 1772 2832 morbus
1785 2791 1851 2831 ille
1865 2805 1940 2844 quo
1953 2790 2102 2831 labora-

1239 2861 1350 2902 batis.
1391 2862 1481 2900 Non
1510 2859 1728 2912 intelligens
1754 2858 1991 2898 dulcedinem
2005 2859 2105 2899 hanc

1239 2929 1348 2970 miles
1388 2928 1564 2980 quaerit:
1614 2928 1807 2971 Quomodo
1849 2927 2005 2966 verbum
2033 2928 2106 2967 hoo

1239 2997 1428 3050 capiam?
1481 2995 1658 3048 Explicat
1698 2994 1874 3034 Chorus:
1918 2993 2104 3033 nimirum

1238 3064 1527 3104 redamantium
1557 3062 1736 3116 percussi
1776 3061 1971 3101 desiderio
1982 3078 1998 3107 ;
2037 3062 2102 3101 de-

1239 3132 1446 3172 siderantes
1488 3143 1550 3170 eos
1579 3144 1602 3169 a
1634 3128 1770 3181 quibus
1802 3129 1966 3168 vicissim
2005 3129 2102 3169 desi-

1241 3197 1491 3239 derabamini.
1545 3199 1706 3237 Sensum
1739 3209 1817 3235 non
1845 3199 2030 3248 ceperunt
2042 3196 2103 3236 in-

1238 3268 1427 3318 terpretes
1455 3265 1520 3316 qui
1547 3269 1633 3316 post
1662 3275 1818 3303 versum
1847 3270 2010 3320 τερπνῆς
2029 3294 2039 3302 .
2062 3295 2072 3304 .
2089 3294 2101 3304 .

1239 3339 1343 3374 νόσου
1392 3332 1544 3383 signum
1592 3331 1854 3384 interrogandi
1881 3333 2105 3384 posuerunt.

1241 3412 1319 3447 πῶς
1347 3402 1389 3448 δὴ
1419 3400 1609 3453 διδαχθεὶς
1635 3421 1692 3428 -
1721 3400 1908 3451 quomodo
1947 3399 2105 3438 edoctus

1241 3472 1314 3508 cet.
1344 3471 1400 3507 est
1426 3468 1527 3506 idem
1551 3467 1651 3518 quod
1666 3467 1745 3520 fao
1773 3471 1818 3506 ut
1839 3467 1971 3519 aliquo
1995 3466 2105 3506 modo

1241 3535 1398 3574 edoctus
1427 3534 1575 3573 dictum
1603 3534 1675 3574 hoc
1702 3534 1936 3585 intelliqam.
1965 3534 2015 3572 cf.
2045 3545 2102 3572 vs.

1244 3602 1349 3642 622:
1379 3609 1459 3647 πῶς
1488 3601 1568 3649 δῆτ’
1599 3605 1643 3643 ἂν
1671 3605 1782 3643 εἰπὼν
1809 3602 1887 3642 mi.
