2340 3958
910 176 1363 225 ΑΓΑΜΕΜΝΩΝ
1983 174 2008 222 1
2020 174 2046 223 7

788 344 1034 392 πτανοῖσιν
1072 338 1177 391 κυσὶ
1220 336 1400 403 πατρὸς

1970 356 2047 394 136

422 447 681 503 αὐτότοκον
719 447 806 515 πρὸ
842 447 995 513 λόχου
1033 447 1248 513 μογεραν
1286 444 1460 499 πτάκα
1497 444 1794 509 θυομένοισιν·

679 562 860 620 στυγεῖ
893 556 942 608 δὲ
980 556 1163 608 δεῖπνον
1201 557 1383 608 αἰετῶν.

562 666 738 720 αἴλινον
777 663 953 719 αἴλινον
991 665 1126 727 εἶπέ,
1168 666 1221 717 τὸ
1261 665 1300 716 δ’
1339 663 1392 718 εὖ
1429 666 1620 720 νικάτω.

239 779 343 829 130

680 774 857 828 τοσόνδ’
890 774 1192 842 ὑπερεύφρων
1230 773 1421 827 Ἑκάτα

1824 796 1936 850 ἐπῳδ.
1975 797 2048 836 140

687 885 908 953 δρόσοισιν
946 887 1214 943 ἑπαλπνοῖς
1252 885 1475 952 χιμάρων

598 996 791 1051 πάντων
829 998 876 1049 τ’
912 994 1188 1062 άγρονόμων
1226 995 1551 1062 φιλομάστοις

609 1108 748 1174 θηρῶν
787 1105 1134 1174 όβρικάλοισιν,
1176 1108 1366 1172 άτερπῆ

597 1216 775 1270 τούτων
813 1216 920 1269 άντὶ
959 1214 1195 1281 ξύμβολα
1232 1215 1432 1283 κραίνει,

243 1329 345 1379 135

1970 1236 2047 1274 144

501 1326 635 1391 δεξιοὶ
673 1328 789 1392 μὲν,
826 1326 1149 1394 κατάμομφα
1187 1325 1234 1378 δὲ
1271 1325 1509 1394 φάσματ’
1548 1324 1832 1390 Ἀτρείδαις.

687 1438 802 1500 Ξήϊον
840 1437 887 1489 δὲ
925 1436 1085 1489 καλέω
1123 1438 1348 1495 Παιᾶνα,

420 1550 490 1613 μή
528 1568 662 1607 τινας
700 1546 976 1606 ἀντιπνόους
1015 1551 1227 1604 Δαναοῖς
1267 1545 1501 1612 ἐχενῇδας
1538 1545 1751 1603 άπλοίας

1972 1564 2049 1603 150

236 1754 287 1794 V.
318 1753 411 1792 130.
443 1753 534 1792 131.
576 1757 719 1794 τόσσων
762 1767 838 1809 περ
880 1754 1022 1807 εὔφρων
1064 1754 1160 1793 καλὰ
1199 1753 1382 1808 δρόσοισιν
1415 1755 1592 1799 ἀέλπτοις
1632 1754 1808 1808 μαλερῶν
1845 1751 1954 1792 ’όντων
1987 1750 2049 1790 Μ.

301 1830 409 1866 τόσον
436 1839 513 1881 περ
543 1826 646 1881 εὕφρ.
677 1828 703 1865 ἀ
734 1826 832 1866 καλὰ
850 1825 910 1881 δρ.
928 1829 1083 1871 ἀέπτοις
1097 1827 1273 1881 μαλερῶν
1290 1825 1441 1875 (omisso
1459 1826 1581 1869 ὅντων)
1600 1825 1660 1866 ἙΙ.
1716 1825 1810 1864 133.
1827 1825 1918 1864 134.
1940 1827 2049 1881 ὀβρι-

292 1901 436 1940 κάλοισι
476 1903 544 1947 (-
576 1914 629 1944 οις
670 1896 749 1946 Fl.)
789 1901 936 1954 τερπνὰ
974 1898 1113 1939 τούτων
1152 1899 1253 1939 αἰτεῖ
1287 1898 1465 1952 σύμβολα
1504 1901 1637 1954 κράναι
1675 1904 1827 1954 (κρᾶναι
1869 1896 1947 1945 Fl.)
1987 1898 2049 1937 M.

291 1970 385 2010 135.
414 1975 602 2026 φάσματα
631 1972 818 2026 στρουθῶν
846 1970 905 2009 Μ.
937 1973 1062 2024 φάσμ.
1095 1978 1168 2011 τῶν
1198 1974 1384 2026 στρουθῶν
1411 1969 1471 2008 Fl.
1532 1971 1735 2013 137—39.
1765 1970 1873 2010 Libri
1898 1977 2050 2017 Δαναοῖς

287 2045 443 2100 χρονίας
483 2043 675 2097 ἐχενηΐδας
715 2042 925 2096 (ἐχενηΐδας
953 2044 1106 2099 χρονὶας
1135 2043 1268 2091 Farn.)
1301 2044 1464 2090 οἶεπλοῒοις
1500 2045 1637 2101 τεύξῃ,
1671 2044 1903 2096 σπευδομένα
1929 2067 1983 2073 -
2012 2047 2051 2084 οὐ

289 2117 497 2173 δεισήνορα.
528 2119 660 2169 μίμνει
688 2119 767 2171 γὰρ
799 2117 876 2156 κτὲ.

290 2270 384 2310 125.
399 2270 426 2309 J
429 2283 478 2310 un
483 2269 720 2327 ge’'Ap·reJu5
731 2272 919 2324 ἐπίφθονος
929 2276 1101 2313 πτανοῖσι

235 2340 318 2380 κυσὶ
331 2343 491 2395 πατρὸς.
511 2339 608 2386 κύνες
619 2341 804 2379 vocantur
818 2337 965 2391 aquilae
977 2370 989 2386 ,
1013 2339 1101 2391 quia

233 2419 371 2446 canum
407 2406 530 2446 instar
569 2408 659 2446 sunt
702 2419 873 2459 rapaces.
916 2406 1100 2446 Similiter

233 2473 367 2514 Prom.
394 2474 499 2514 1021
518 2491 527 2513 τ
555 2478 636 2521 Διὸς
652 2475 695 2515 δέ
707 2491 763 2516 σοι
778 2478 914 2522 πτηνὸς
930 2475 1019 2515 κύων
1032 2475 1098 2516 δα·

233 2545 351 2597 φοινὸς
376 2544 500 2590 αἰετὸς
525 2544 603 2584 κτὲ.
634 2542 822 2595 Tangitur
835 2543 908 2582 hoc
922 2541 1101 2594 Aeschyli

231 2609 376 2650 dietum
415 2609 462 2649 ab
489 2610 749 2663 Aristophane
776 2610 817 2650 in
844 2610 963 2650 Ranis
994 2611 1099 2654 1287

234 2677 306 2717 -91
319 2708 331 2725 ,
363 2676 428 2717 ubi
448 2679 487 2718 et
501 2677 574 2718 alia
589 2678 773 2730 ejusmodi
787 2676 959 2731 exempla
974 2679 1100 2718 affert.

289 2745 382 2789 127.
414 2748 566 2788 αὖτόκον
585 2769 639 2775 —
666 2750 812 2788 πτάκα.
843 2747 949 2794 πτάξ
977 2746 1101 2786 rarior

232 2812 356 2853 forma
399 2827 470 2866 pro
512 2815 622 2862 πτὼξ
665 2814 727 2854 hio
764 2817 916 2854 tantum
943 2813 1102 2867 legitur.

236 2882 456 2934 αὐτότοκον,
493 2883 555 2922 σὺν
584 2884 687 2936 αὐτῷ
716 2886 800 2936 (τῷ)
829 2887 940 2937 τόκῳ.
970 2881 1099 2922 Schol.

233 3016 340 3067 aych.
390 3018 614 3071 αὐτόχθονος
665 3029 736 3070 pro
796 3018 857 3057 σὺν
912 3019 1009 3073 αὐτῇ
1049 3024 1098 3074 τῇ

236 3085 358 3136 χθονί,
388 3083 491 3124 infra
518 3097 575 3125 vs,
606 3085 700 3124 536.

289 3152 380 3191 130.
430 3151 569 3193 τοσόνδ’
613 3152 851 3209 ὑπερεὺφρων
891 3154 969 3193 κτὲ.
1028 3153 1097 3192 Ita

235 3216 402 3269 impense
416 3221 563 3273 favens
589 3219 742 3260 Hecate
765 3220 945 3259 dulcibus
960 3232 1094 3272 capro-

235 3297 321 3323 rum
358 3286 452 3335 feti-5
479 3288 724 3341 omniumque
751 3288 961 3340 ayrestium
977 3289 1094 3341 fera-

237 3363 322 3391 rum
344 3353 577 3395 laetentibus
603 3356 773 3401 catulis,
801 3355 957 3394 illorum
985 3359 1095 3407 (pro-

236 3418 443 3470 diyiorum)
483 3423 567 3462 vice
602 3423 743 3463 acerba
770 3422 931 3462 molitur
956 3423 1094 3474 siqua,

221 3486 370 3538 fausta
393 3488 566 3540 quidem,
593 3491 771 3531 luctuosa
782 3495 911 3530 tamen
926 3489 1095 3530 Atridis.

236 3554 361 3608 δρόσοι
402 3557 440 3594 et
480 3558 692 3611 ὀβρίκαλα,
741 3570 859 3609 aeque
900 3570 942 3597 ao
988 3560 1095 3611 ἕρσαι

1183 2269 1387 2319 (Homer.)
1416 2274 1455 2309 et
1485 2272 1636 2323 ψάκαλα
1676 2271 1790 2322 (unde
1821 2275 2050 2328 ψακαλοῦχοι

1181 2342 1348 2394 μητέρες
1384 2337 1603 2391 Sophool.),
1635 2338 1682 2378 de
1705 2340 1850 2380 teneris
1863 2341 1992 2393 pullis
2016 2355 2048 2381 s.

1182 2407 1327 2445 catulis
1368 2405 1493 2453 dieta,
1538 2407 1581 2446 ut
1609 2405 1793 2447 vocabula
1816 2408 1965 2448 rariora
1988 2409 2049 2449 vel

1183 2475 1291 2521 ἅπαξ
1319 2475 1503 2525 λεγόμενα
1539 2475 1723 2514 notantur
1759 2488 1782 2514 a
1823 2477 2047 2529 grammati-

1181 2541 1250 2581 cis.
1280 2541 1370 2581 vid.
1393 2541 1584 2594 imprimis
1613 2542 1889 2596 Aristophanes
1916 2558 2046 2598 gram-

1181 2608 1341 2648 maticus
1369 2621 1429 2662 ap.
1445 2609 1679 2649 Eustath.in
1696 2611 1835 2663 Odyss.
1864 2625 1904 2664 p.
1924 2613 2044 2661 1625,

1180 2677 1249 2720 47.
1292 2675 1437 2717 Blomf.
1467 2679 1505 2717 et
1533 2677 1674 2718 Herm.
1704 2678 1752 2718 ad
1780 2679 1820 2718 h.
1837 2679 1862 2719 1.
1901 2680 2047 2721 Errant

1181 2746 1308 2784 autem
1349 2745 1612 2798 grammatici,
1652 2745 1718 2798 qui
1755 2749 1947 2803 ὀβρίκαλα
1983 2749 2047 2788 hie

1179 2811 1343 2864 intelligi
1379 2811 1598 2852 existimant
1634 2812 1781 2854 leorum
1804 2819 1842 2854 et
1863 2815 2043 2869 luporum

1181 2878 1347 2927 catulos,
1392 2879 1459 2931 qui
1500 2882 1602 2920 certe
1630 2894 1718 2921 cum
1746 2881 1939 2935 leporibus
1966 2897 2044 2924 non

1179 2947 1323 3000 optime
1369 2947 1602 3001 junguntur.
1668 2949 1802 2990 Potius
1843 2951 2044 2992 hinnuleos

1178 3014 1345 3067 aliasque
1371 3015 1410 3054 id
1437 3029 1556 3068 genus
1585 3017 1684 3057 feras
1708 3018 1888 3071 cogitavit
1916 3023 2044 3072 poeta.

1236 3084 1327 3123 135.
1367 3084 1474 3131 δεξιοὶ
1500 3087 1596 3139 μὲν,
1627 3090 1869 3141 κατάμομφα
1898 3089 1936 3128 δὲ
1965 3092 2043 3144 φά-

1179 3167 1314 3203 σματα
1367 3154 1567 3203 spectant,
1611 3154 1772 3206 opinor,
1818 3155 1866 3194 ad
1907 3159 2042 3195 notum

1176 3219 1270 3257 illud
1320 3218 1523 3271 augurium
1574 3220 1686 3262 Iliad.
1725 3227 1780 3277 β,
1833 3223 1913 3262 308
1956 3236 2042 3276 sqq.

1176 3286 1276 3337 quod
1317 3285 1424 3327 brevi
1462 3289 1549 3340 post
1587 3292 1758 3329 secutum
1801 3292 1880 3338 est,
1925 3303 2041 3344 supra

1177 3353 1277 3392 dicto
1305 3355 1565 3395 eontrarium:
1612 3369 1699 3396 nam
1730 3357 1793 3396 hio
1821 3357 1946 3409 aquila
1974 3358 2039 3398 de-

1176 3422 1285 3461 vorat
1320 3420 1490 3475 leporem
1529 3436 1616 3464 cum
1653 3425 1765 3473 fetis,
1801 3424 1855 3464 ibi
1883 3438 2039 3479 serpens

1175 3488 1331 3529 devorat
1371 3503 1562 3543 passerem
1591 3505 1678 3531 cum
1706 3491 1840 3546 pullis3
1885 3496 2039 3546 cratque

1176 3556 1214 3595 id
1255 3556 1421 3598 faustum
1464 3557 1577 3599 simul
1627 3562 1665 3599 et
1718 3559 1852 3608 triste,
1897 3560 2037 3612 quippe

1809 3638 1835 3682 3
