2340 3990
1029 171 1397 221 PRAEFATIO.
2062 185 2112 218 lx

311 320 420 366 sunt
462 317 512 365 in
553 315 911 379 Guelferbytano
947 317 993 362 et
1026 314 1287 372 Marciano,
1323 312 1611 362 Bessarionis
1648 316 1804 360 autem
1842 311 1990 360 codex
2022 328 2120 360 ver-

311 424 390 462 sus
436 417 618 462 tantum
669 415 862 460 1—314
916 411 1133 460 continet.
1203 411 1470 460 Secundum
1519 411 1673 459 locum
1718 413 1880 459 tenent
1911 410 2118 457 Venetus

310 516 356 560 et
387 511 683 560 Florentinus
701 549 713 568 ‚
746 510 820 557 hic
854 509 1034 572 integer
1068 513 1113 556 et
1147 509 1304 556 seculo
1337 509 1488 556 XIVto
1526 507 1724 572 scriptus
1739 545 1752 565 ,
1775 507 1854 554 ille
1883 506 2118 571 aliquanto

310 609 466 674 prius,
518 609 600 656 sed
638 607 852 665 mutilus»,
901 622 1061 654 carens
1100 607 1307 654 versibus
1342 609 1585 654 44-993.
1653 605 1808 653 Tertio
1842 605 1892 652 in
1927 620 2116 652 censum

313 706 441 755 venit
476 705 782 754 Famesianus
817 703 959 752 seculi
992 697 1152 761 XIVfi,
1199 704 1441 751 continens
1474 703 1683 751 Triclinii
1717 702 2034 751 recensionem
2068 706 2114 750 et

228 836 230 838 >
311 803 449 866 hujus
482 819 535 851 ac
568 803 770 850 Thomae
802 801 1014 864 Magistri
1051 800 1238 849 scholia.

372 901 556 949 Horum
604 899 817 947 codicum
865 903 918 946 ut
969 898 1318 963 antiquissimus
1369 898 1434 945 ita
1484 897 1687 962 optimus
1744 901 1814 945 est
1851 897 2117 956 Mediceus,

294 1015 400 1046 >non
434 997 560 1062 quod
593 997 753 1061 purior
787 1000 833 1044 et
863 996 1066 1044 limatior
1105 996 1188 1054 sit,
1224 995 1309 1043 sed
1338 996 1441 1060 ipsa
1474 1011 1602 1060 quae
1635 996 1776 1043 habet
1798 995 1907 1044 vitia
1928 996 2120 1060 propius

304 1112 332 1143 a
369 1111 586 1158 germana
631 1095 855 1159 scriptura
897 1094 1094 1152 distant3
1137 1098 1297 1142 contra
1335 1094 1546 1142 infimum
1586 1093 1740 1142 locum
1773 1097 1902 1141 tenet
1933 1094 2121 1142 Floren-

303 1192 456 1251 tinuS‚
490 1209 586 1241 non
622 1192 748 1258 quod
782 1192 1035 1251 sordidior,
1070 1192 1154 1240 sed
1188 1192 1314 1257 quod
1348 1191 1487 1240 lectio
1521 1192 1764 1239 manifesto
1799 1192 1950 1255 arguit
1982 1192 2120 1240 serio-

304 1294 367 1343 ris
400 1293 685 1357 grammatici
719 1310 930 1353 manum‚
968 1293 1049 1359 qui
1083 1298 1263 1342 textum
1288 1298 1377 1342 su'6
1397 1295 1620 1342 arbitratu
1643 1294 1703 1342 ad
1726 1295 2048 1357 grammatices
2072 1298 2118 1342 et

306 1391 485 1440 critices
525 1392 707 1455 regulas
751 1392 958 1450 refinxit,
1002 1397 1056 1440 ut
1091 1392 1188 1454 jam
1231 1392 1463 1441 Victorius
1517 1393 1839 1441 animadvertit
1890 1397 1935 1441 et
1974 1392 2114 1440 hodie

307 1490 429 1538 inter
466 1506 624 1538 omnes
659 1490 885 1540 convenit.
946 1490 1156 1539 Medium
1189 1490 1312 1538 inter
1350 1491 1435 1539 hos
1469 1491 1628 1539 ambos
1661 1491 1818 1539 locum
1850 1494 1978 1538 tenet
2011 1491 2116 1539 Flo-

303 1587 536 1645 rentinus,
571 1587 651 1653 qui
684 1592 737 1636 ut
769 1604 796 1635 a
827 1588 1017 1636 veritate
1050 1588 1235 1652 longius
1270 1589 1410 1637 distat
1441 1589 1677 1648 Mediceo,
1711 1590 1777 1638 ita
1801 1594 1924 1638 caret
1952 1589 2115 1638 sedula

309 1686 389 1766 illa
422 1690 680 1734 correctura
712 1702 830 1750 quae
864 1686 1193 1734 Triclinianam
1227 1688 1461 1735 officinam
1495 1689 1603 1736 olet.

374 1783 671 1831 Hermannus
705 1787 862 1831 censet
895 1763 1164 1832 Mediceum
1201 1784 1485 1849 descriptum
1525 1803 1624 1834 esse
1661 1786 1719 1834 de
1742 1786 1860 1834 libro
1883 1785 2118 1851 quadratis

302 1881 446 1930 literis
490 1881 680 1946 scripto,
726 1881 850 1947 quod
891 1881 951 1929 ad
998 1886 1176 1930 rectum
1215 1883 1312 1945 ejus
1348 1883 1517 1931 codicis
1551 1901 1690 1932 usum
1722 1901 1817 1932 non
1849 1884 2119 1933 obliviscen-

305 1979 418 2028 dum
462 1997 574 2028 esse.
643 1981 786 2038 Sane,
830 1980 925 2029 sive
963 1980 1069 2028 talis
1110 1981 1231 2028 liber
1263 1981 1468 2029 Medicei
1500 1986 1632 2046 pater
1664 1982 1780 2040 sive,
1815 1982 1940 2047 quod
1974 1981 2118 2030 credi-

303 2077 443 2126 bilius
485 2078 600 2126 mihi
644 2078 849 2136 videtur,
890 2095 1002 2127 avus
1043 2079 1206 2137 fuerit,
1252 2079 1417 2142 ingens
1452 2084 1522 2127 est
1554 2080 1829 2128 mendorum
1863 2096 2108 2138 numeruS‚

305 2175 387 2240 qui
429 2191 488 2223 ex
531 2175 703 2224 unciali
737 2176 962 2240 scriptura
995 2177 1299 2240 explicandus
1335 2181 1425 2236 est,
1461 2182 1597 2226 natus
1632 2179 1801 2242 partim
1835 2196 1859 2226 e
1894 2195 2110 2243 perversa

305 2273 583 2337 syllabarum
625 2277 671 2321 et
715 2290 880 2322 vocum
917 2273 1233 2333 distinctione,
1267 2276 1436 2340 partim
1473 2294 1496 2323 e
1534 2277 1843 2324 consimilium
1876 2277 2115 2325 literarum

303 2371 664 2436 permutatione,
715 2372 884 2436 partim
937 2390 961 2419 e
1011 2389 1152 2436 prava
1192 2373 1565 2438 interpunctione
1604 2374 1762 2422 aliisve
1804 2375 1902 2436 ejus
1931 2375 2115 2438 generis

303 2468 467 2517 causis.
507 2468 690 2517 Horum
717 2469 935 2518 vitiorum
960 2486 1182 2533 magnum
1207 2488 1453 2519 numerum
1487 2472 1761 2536 interpretes
1784 2472 2112 2531 emendarunt,

297 2581 392 2614 non
425 2581 574 2630 pauca
606 2583 714 2614 vero
749 2582 894 2631 eaque
934 2568 1202 2632 turpissima
1237 2569 1386 2617 adhuc
1419 2570 1579 2618 relicta
1614 2575 1742 2630 sunt,
1784 2588 1902 2636 (11100
1937 2571 2114 2619 critico-

228 2680 231 2683 ·
296 2679 401 2711 rum
435 2664 581 2712 aciem
615 2665 846 2727 fugerunt.
904 2665 1180 2729 Quaesitum
1215 2671 1284 2715 est
1315 2673 1490 2727 autem,
1523 2685 1637 2717 num
1667 2670 1909 2718 Mediceus
1943 2670 2114 2718 haben-

303 2761 391 2810 dus
431 2761 491 2810 sit
530 2763 803 2827 archetypus
843 2767 981 2828 atque
1014 2765 1117 2812 fons
1146 2765 1298 2823 unde,
1333 2770 1386 2814 ut
1416 2767 1827 2832 Guelferbytanus,
1846 2768 2112 2816 Marcianus

298 2863 344 2906 et
383 2859 671 2907 Bessarionis
716 2860 884 2919 codex,
921 2862 985 2911 ita
1020 2863 1160 2911 ceteri
1196 2880 1381 2929 quoque
1417 2864 1612 2913 derivati
1648 2866 1753 2914 sint.
1821 2867 1892 2914 De
1927 2883 2019 2931 quo
2058 2871 2111 2915 ut

297 2961 472 3004 certum
515 2960 715 3006 statuere
766 2958 974 3018 difficile,
1022 2960 1112 3008 nisi
1153 2961 1255 3026 quis
1290 2962 1480 3010 intentis
1516 2963 1574 3010 ad
1609 2963 1659 3011 id
1696 2965 1842 3012 oculis
1877 2969 1922 3012 01
1955 2968 2109 3013 11101110

295 3053 476 3102 codices
524 3054 624 3118 ipse
673 3056 939 3114 contulerit,
976 3058 1041 3105 ita
1082 3058 1202 3106 illud
1246 3059 1572 3119 certissimum,
1623 3063 1798 3111 nuHius
1835 3063 1977 3111 trium
2010 3064 2110 3111 illo-

295 3168 398 3199 rum
458 3152 680 3200 librorum
737 3154 908 3202 auxilio
968 3171 1053 3203 nos
1110 3172 1246 3219 posse
1304 3173 1487 3216 carere,
1539 3175 1682 3223 quum
1727 3177 1814 3208 nec
1861 3177 2009 3224 pauca
2057 3161 2107 3208 in

293 3248 504 3298 Mediceo
553 3255 743 3315 peccata
796 3251 889 3300 sint
940 3270 1058 3318 quae
1094 3254 1279 3316 corrigit
1313 3255 1635 3315 Florentinus,
1677 3262 1722 3305 et
1760 3258 1835 3306 hic
1872 3275 2018 3322 aeque
2053 3276 2106 3308 ac

287 3345 594 3396 Famesianus
616 3348 849 3398 interdum
871 3350 1092 3399 lectiones
1117 3352 1296 3410 offerat,
1325 3370 1466 3417 quae,
1497 3355 1823 3421 undecumque
1848 3358 2104 3421 profectae,

293 3442 505 3493 Mediceo
554 3450 663 3495 sunt
705 3449 1083 3513 anteponendae:
1130 3451 1332 3515 exempli
1375 3453 1540 3514 gratia,
1587 3471 1651 3502 vs.
1686 3458 1744 3502 28
1781 3455 1907 3504 Med.
1941 3457 2104 3505 vitiose

295 3543 626 3606 ἐπορθριεέζειν,
681 3562 766 3609 pro
807 3563 900 3610 quo
942 3547 1010 3596 Fl.
1055 3551 1101 3595 et
1145 3549 1279 3597 Farn.
1325 3554 1447 3597 recte
1485 3552 1781 3615 ἐπορθιάζειν.
1824 3553 2015 3602 Vs.101
2054 3555 2100 3601 hi

297 3637 431 3686 ambo
447 3638 617 3689 habent
636 3645 801 3706 θυμοβό
809 3664 877 3706 ρον
891 3680 904 3700 ,
929 3645 1058 3708 cujus
1077 3646 1304 3709 glossema
1321 3664 1469 3712 paene
1487 3648 1669 3697 videtur
1685 3650 1810 3715 quod
1829 3654 1898 3699 est
1914 3650 1964 3713 in
1974 3651 2100 3702 Med.
