2340 3958
225 177 291 225 62
960 180 1304 226 ΑΙΣΧΥΛΟΥ

553 336 768 403 amobe-⁸,
808 339 1026 401 ἐμαυτῆς
1065 338 1287 405 δύςφορον
1324 338 1448 401 λέξω
1486 339 1623 403 βίον,

223 448 325 497 770

551 445 728 509 τοσόνδ’
767 444 957 512 ὅσονπερ
997 444 1130 506 οὗτος
1170 443 1222 508 ἧν
1262 447 1343 500 ὑπ’
1384 448 1521 514 Ἰλίῳ.

1955 466 2036 504 860

550 557 605 609 τὸ
643 556 730 619 μὲν
769 562 980 619 γυναῖκα
1022 562 1202 623 πρῶτον
1242 557 1431 625 ἄρσενος
1474 558 1596 624 δι’χα

554 663 689 726 ἧσθαι
728 664 883 730 δόμοις
921 664 1116 733 ἔρημον,
1158 667 1409 731 ἔκπαγλον
1449 668 1621 721 κακὸν·

554 775 634 827 καὶ
674 774 754 828 τὸν
792 775 881 839 μὲν
920 774 1073 839 ἥκειν,
1114 777 1194 830 τὸν
1232 777 1272 829 δ’
1308 777 1623 846 ἐπειςφέρειν,
1662 780 1810 828 κακοῦ

554 885 715 939 κακιον
752 885 877 940 ἄλλο
915 894 1085 951 πῆμα,
1118 887 1391 948 λοέσκοντας
1430 888 1586 953 δόμοις

557 995 748 1054 πολλας
786 997 992 1064 κλυούσῃ
1028 997 1261 1059 κληδόνας
1301 998 1647 1061 παλιγκότους.

1959 1013 2037 1052 865

556 1104 639 1157 καὶ
677 1105 969 1171 τραυμάτων
1013 1106 1102 1170 μὲν
1140 1108 1179 1160 εἰ
1217 1105 1365 1160 τόσων
1404 1107 1682 1172 ἐτύγχανεν

556 1217 670 1281 οὶνὴρ
708 1213 794 1279 δ’δ’,
835 1219 894 1276 ὡς
932 1217 1046 1284 πρὸς
1085 1214 1203 1270 οἷκον
1242 1217 1511 1283 ὠχετεύετο

554 1326 736 1394 φάτις,
776 1326 1007 1393 τέτρωται
1046 1327 1231 1381 δικτύου
1271 1329 1401 1381 πλέω
1439 1327 1619 1391 λέγειν.

555 1435 593 1487 εἶ
627 1433 665 1487 δ’
705 1431 758 1496 ἦν
794 1436 1053 1499 τεθνηκὼς,
1095 1439 1157 1496 ὡς
1196 1438 1426 1500 ἐπλήθυον
1463 1437 1630 1501 λόγοι,

226 1549 329 1600 780

224 1725 275 1766 V.
305 1725 398 1768 770.
428 1723 568 1766 τοσόνδ’
594 1728 751 1782 ὅσονπερ
778 1739 908 1767 versus
937 1729 1146 1780 suspectus.

555 1546 855 1611 τρισώματός
893 1547 986 1602 τόὶν
1023 1549 1205 1615 Γηρυὼν
1244 1550 1266 1602 ὁ
1305 1548 1516 1615 δεύτερος

1957 1566 2038 1607 870

195 1852 198 1854 ,
225 1809 273 1847 V.
305 1809 536 1852 773-775,
566 1809 673 1849 Libri
700 1811 773 1850 hoc
803 1811 935 1850 ordIne
962 1810 1119 1864 legunt:
1149 1814 1289 1858 πολλὰς
1315 1834 1368 1841 —-
1393 1813 1455 1853 καὶ
1472 1814 1535 1852 τὸν
1549 1813 1685 1864 μὲν-
1702 1815 1825 1852 κάκιον
1842 1812 1935 1852 ἄλλο
1949 1812 2028 1851 κτὲ.

224 1928 276 1970 V.
307 1930 401 1972 775.
431 1931 607 1972 κλύουσαν
628 1930 774 1977 ἡδονὰς.

279 2079 374 2122 773.
404 2079 597 2119 Junctura
626 2080 719 2119 haee
748 2081 829 2120 est:
875 2085 987 2122 κακοῦ
1019 2086 1092 2122 κά-

225 2163 298 2187 κιον
325 2148 419 2187 ἄλλο
443 2153 558 2199 πῆμα
572 2179 583 2199 ,
602 2151 664 2189 τὸν
677 2151 749 2200 μὲν
764 2152 864 2195 ἥκειν
881 2153 1087 2204 (φέρονταῖ,

224 2217 286 2254 τὸν
311 2213 343 2254 δ’
362 2217 807 2270 ἐπειςφέρειιλάσκοπας
825 2218 978 2272 κλυούσῃ
997 2220 1091 2258 πολ-

224 2283 293 2327 λὰς
319 2282 493 2339 κλῃδόνας
519 2285 763 2336 παλιγκότους
792 2285 931 2336 δόμοις.

280 2349 374 2392 778.
403 2356 595 2406 τέτρωται
635 2352 779 2393 δικτύου
817 2353 918 2395 πλέω
945 2354 1084 2404 λέγειν,

223 2416 265 2456 h.
295 2429 329 2457 e.
358 2418 482 2470 plura
519 2420 636 2459 habet
663 2421 825 2459 vulnera
852 2434 967 2473 quam
993 2425 1086 2460 sunt

221 2485 318 2524 retis
345 2486 570 2536 foramina.
644 2486 952 2540 Breviloquentia
994 2489 1087 2528 haec

223 2551 425 2593 nonnullos
452 2550 683 2607 interpretes
711 2555 860 2596 fefellit.
901 2556 1085 2596 Additum

225 2621 340 2671 λέγειν
391 2620 516 2662 verbis
563 2622 702 2664 δικτύον
742 2624 844 2664 πλέω
887 2623 1086 2675 emphasin

224 2690 365 2739 auget;
409 2689 463 2728 sic
502 2702 619 2742 supra
655 2704 710 2730 vs.
741 2692 848 2731 266:
890 2692 1019 2734 πεύσει
1048 2693 1087 2733 δὲ

225 2761 366 2812 χάρμα
391 2762 523 2810 μεῖζον
551 2759 698 2806 ἐλπίδος
727 2761 855 2800 κλύειν.
916 2760 1024 2812 Sept.
1039 2760 1087 2799 ad

223 2823 270 2861 ad
298 2823 370 2862 Th.
401 2825 501 2866 970:
531 2828 626 2880 πρὸς
655 2828 758 2880 φίλου
786 2827 820 2878 γ’
839 2830 990 2881 ἔφθισο,
1024 2830 1086 2869 καὶ

224 2893 324 2944 φίλον
353 2895 526 2944 ἔκτανες,
560 2894 675 2934 διπλᾶ
703 2897 832 2946 λέγειν.
866 2897 957 2935 Non
973 2898 1084 2936 affer-

225 2971 306 2997 rem
332 2959 428 3007 ista,
455 2961 528 3000 nisi
554 2961 616 3000 vir
641 2962 771 3001 doetus
796 2962 836 3001 in
857 2962 930 3002 hoe
943 2963 1085 3004 haesis-

225 3028 298 3064 set.

281 3093 374 3134 780.
415 3102 658 3150 τρισώματος
698 3100 768 3138 τᾶν
812 3099 961 3153 Γηρὺων
1003 3100 1084 3140 κτέ.

230 3178 248 3193 u
261 3160 303 3199 Si
344 3162 609 3212 Agamemnon
646 3165 758 3203 toties
799 3166 946 3216 quoties
987 3168 1086 3206 fere-

223 3226 339 3267 batur
374 3231 548 3268 mortuus
590 3230 744 3277 fuisset,
786 3233 958 3283 profecto
999 3235 1085 3273 tan-

224 3308 338 3348 quam
369 3295 466 3335 alter
493 3296 684 3350 tricorpor
712 3299 888 3349 Geryon,
919 3314 1018 3348 non,
1046 3305 1088 3341 ut

223 3362 311 3409 ille,
337 3375 456 3402 unum
472 3394 483 3410 ,
509 3364 573 3403 sed
587 3364 671 3416 plus
687 3378 762 3404 uno
777 3367 988 3418 tergemino
1000 3381 1084 3408 cor-

225 3443 318 3484 pore
345 3431 525 3484 adeptum
553 3444 593 3470 se
620 3431 778 3484 gloriari
806 3438 954 3486 posset,
985 3435 1016 3475 si
1044 3435 1085 3475 in

224 3511 450 3550 unoquoque
477 3498 593 3538 semel
630 3503 727 3539 esset
755 3502 969 3541 mortuus.”
999 3516 1082 3542 cor·

223 3579 295 3618 pus
337 3568 446 3607 vocat
488 3570 615 3620 χθονὸς
643 3568 823 3621 χλαῖναν,
868 3569 967 3620 quod
997 3583 1083 3609 cum

833 1931 929 1974 779.
957 1934 1163 1978 ἐπλήθυνον.
1222 1931 1317 1974 780.
1347 1931 1383 1972 τ’
1410 1935 1455 1972 ἂν
1482 1935 1640 1988 Γηρυὼν.

1172 2079 1283 2120 facile
1323 2093 1395 2133 pro
1436 2081 1612 2133 sepulcro
1654 2080 1774 2133 accipi
1812 2082 1958 2132 posset,
1990 2080 2037 2119 de

1172 2162 1246 2200 quo
1275 2149 1423 2201 saepius
1459 2149 1606 2201 poetice
1644 2148 1783 2187 dicitur
1810 2154 1877 2200 γῆν
1905 2152 2035 2191 ἐπιέσ-

1174 2220 1312 2258 σασθαι
1354 2218 1413 2267 (ut
1454 2216 1579 2256 docuit
1610 2216 1836 2255 Hemsterh.
1874 2216 1921 2255 ad
1953 2216 2035 2254 He·

1172 2285 1279 2336 sych.
1321 2283 1367 2324 Τ.
1409 2284 1459 2332 Ι,
1502 2298 1544 2336 p.
1589 2284 1693 2324 1351
1737 2286 1776 2323 et
1817 2283 1959 2324 Blomf.
1988 2283 2036 2322 ad

1171 2352 1212 2391 h.
1239 2351 1307 2400 1.),
1349 2365 1424 2404 quo
1452 2365 1565 2391 sensu
1591 2351 1671 2402 jam
1704 2351 1898 2390 Homerus
1940 2351 2036 2390 dixit

1166 2418 1217 2458 Il.
1247 2437 1295 2472 y,
1327 2420 1402 2467 57,
1446 2421 1470 2466 ἦ
1509 2425 1556 2460 τέ
1595 2436 1654 2460 κεν
1688 2420 1758 2466 ἤδη
1797 2420 1918 2459 λάϊνον
1945 2421 2033 2459 ἕσσο

1167 2497 1308 2541 χιτῶνα
1327 2487 1382 2537 (h.
1396 2500 1429 2526 e.
1445 2487 1552 2526 vivus
1568 2500 1658 2526 saxo
1673 2486 1843 2539 sepultus
1856 2487 2033 2534 fuisses),

1166 2556 1266 2594 hane
1309 2554 1357 2594 ob
1396 2567 1565 2594 caussam
1602 2554 1907 2606 Clytaemnestra
1949 2566 2031 2593 ma-

1165 2621 1246 2661 lum
1284 2634 1394 2660 omen
1431 2622 1626 2661 avertendi
1650 2622 1773 2674 gratia
1796 2621 1901 2661 addit
1930 2625 2030 2662 ἅνω-

1169 2694 1250 2742 θεν,
1270 2696 1336 2739 τὴν
1360 2694 1462 2731 κάτω
1490 2693 1569 2745 γὰρ
1598 2692 1638 2730 οὗ
1666 2692 1783 2741 λέγω,
1801 2702 2030 2741 supernam,

1167 2758 1271 2798 absit
1310 2759 1412 2797 enim
1440 2763 1486 2797 ut
1512 2759 1711 2811 infernam
1738 2758 1867 2797 dicam
1880 2773 1896 2802 ;
1939 2769 2030 2795 nam

1167 2829 1293 2879 χθονὸς
1320 2828 1482 2879 χλαῖνα,
1506 2826 1607 2865 inter
1630 2836 1787 2877 superos
1805 2824 1883 2863 sive
1898 2823 2029 2863 viven-

1165 2898 1244 2940 tes,
1269 2897 1399 2946 aperte
1421 2906 1560 2945 corpus
1574 2924 1584 2939 ,
1601 2893 1703 2932 inter
1717 2892 1883 2938 inferos,
1901 2889 2027 2942 sepul-

1166 2973 1273 3000 crum
1311 2963 1432 3000 notat.
1477 2962 1612 3008 πολλὴν
1649 2962 1846 3015 τρίμοιρον
1872 2960 2031 3011 χλαῖναν

1167 3031 1224 3067 est
1250 3028 1351 3068 idem
1379 3031 1493 3080 atque
1519 3029 1689 3074 iterato,
1718 3026 1874 3078 saepius
1900 3029 2028 3079 terge-

1167 3096 1315 3135 minum
1357 3109 1494 3147 corpus
1522 3095 1727 3140 induisset,
1772 3093 1828 3132 uti
1855 3105 1943 3132 mox
1971 3106 2028 3132 vs.

1167 3164 1271 3207 875:
1338 3165 1477 3209 πολλὰς
1520 3165 1656 3202 ἄνωθεν
1694 3164 1875 3216 ἀρτάνας.
1933 3160 2030 3199 Mox

1166 3237 1360 3286 μόρφωμα
1401 3230 1494 3269 dixit
1521 3242 1590 3281 pro
1621 3236 1757 3280 σῶμα,
1805 3230 1846 3266 ut
1875 3229 1914 3266 et
1940 3225 2028 3266 lati-

1167 3301 1226 3339 nis
1253 3298 1374 3351 poetis
1390 3297 1527 3351 forma
1555 3308 1625 3348 pro
1654 3307 1826 3347 corpore.
1865 3296 2028 3334 Sensum

1166 3368 1268 3407 reete
1308 3367 1490 3418 ceperunt
1544 3362 1715 3415 plerique
1773 3363 2026 3414 interpretes,

1164 3445 1393 3486 quamquam
1421 3431 1460 3470 in
1491 3429 1651 3482 singulis
1688 3429 1782 3469 alius
1811 3429 1886 3469 alio
1915 3429 2027 3469 modo

1164 3499 1340 3541 nonnihil
1379 3500 1600 3551 peccantes3
1645 3510 1739 3549 quos
1768 3497 1859 3536 dum
1891 3510 2024 3550 repre-

1164 3568 1317 3616 hendit,
1339 3566 1419 3619 ipse
1433 3565 1582 3618 longius
1598 3563 1750 3606 aberrat
1766 3563 2023 3617 Hartungius.
