2340 3958
445 251 538 299 110

1177 253 1520 300 ΑΙΣΧΥΛΟΥ

804 412 962 478 κώπη,
1003 411 1298 476 κρατούντων
1338 416 1428 464 τῶν
1466 410 1543 463 ἐπὶ
1583 411 1713 478 ζυγῷ
1752 413 1902 480 δορός;

806 521 976 584 γνώσει
1015 520 1163 586 γέρων
1202 521 1260 573 ὢν
1299 523 1359 580 ὡς
1398 519 1698 574 διδάσκεσθαι
1736 522 1865 589 βαρὺ

805 632 871 697 τῷ
908 630 1173 695 τηλικούτῳ
1211 636 1465 698 σωφρονεῖν
1505 631 1814 696 κεχρημένον.

2149 655 2253 695 1620

806 740 967 803 δεσμοὶ
1007 739 1055 792 δὲ
1092 739 1175 792 καὶ
1214 740 1269 793 τὸ
1308 747 1463 807 γῆρας
1503 738 1562 792 αἵ
1589 761 1646 793 τε
1686 741 1898 802 νήστιδες

442 853 581 902 1500

810 850 916 903 δύαι
955 850 1189 904 διδάσκειν
1229 849 1535 917 ἐξοχώταται
1575 855 1757 917 φρενῶν

811 960 1167 1028 ἰατρομάντεις·
1207 963 1303 1027 οὐχ
1343 963 1478 1030 ὂρᾷς;
1517 963 1626 1028 ὁρῶν
1664 961 1782 1015 τάδε

812 1069 925 1133 πρὸς
965 1069 1137 1136 κέντρα
1177 1071 1247 1134 μὴ
1283 1068 1511 1136 λάκτιζε,
1552 1071 1621 1134 μη
1661 1070 1847 1129 παίσας
1886 1078 2060 1137 μογῇς.

664 1190 770 1234 XO.

812 1181 933 1243 γυνη
972 1180 1032 1233 σὺ
1068 1179 1195 1233 τοῦδ’
1235 1179 1423 1242 ἥκοντος
1462 1181 1516 1232 ἐκ
1553 1179 1730 1246 μάχης
1768 1180 1862 1233 νέον

2156 1198 2258 1237 1625

815 1290 1012 1356 οἰκουρὸς
1050 1292 1185 1352 εὖνην
1223 1289 1384 1355 ἀνδρὸς
1423 1289 1668 1356 αἰσχύνας
1707 1287 1820 1354 ἅμα

447 1404 585 1453 1505

812 1400 939 1467 άνδρὶ
979 1402 1239 1467 στρατηγῷ
1278 1400 1400 1453 τόνδ’
1438 1399 1736 1464 ἐβούλευσας
1774 1399 1939 1466 μόρον;

695 1518 777 1562 ΑΙ.
815 1509 896 1561 καὶ
937 1514 1105 1563 ταῦτα
1141 1507 1278 1571 τάπη
1318 1508 1620 1574 κλαυμάτων
1656 1510 1924 1576 ἀρχηγενῆ.

818 1623 1000 1688 Ὀρφεῖ
1033 1620 1082 1674 δὲ
1119 1625 1354 1684 γλῶσσαν
1390 1621 1478 1682 την
1516 1621 1735 1674 ἐναντίαν
1774 1619 1932 1686 ἔχεις·

816 1732 836 1783 ὃ
877 1730 965 1795 μὲν
1003 1731 1102 1796 γάρ
1142 1728 1234 1794 ἦγε
1273 1730 1418 1784 πάντ’
1460 1730 1559 1783 άπὸ
1596 1731 1823 1798 φθογγῆς
1861 1736 2029 1799 χαρᾷ,

2159 1747 2262 1786 1630

822 1841 882 1893 σὺ
914 1841 954 1893 δ’
993 1838 1198 1907 ἐξορίνας
1237 1838 1414 1902 νηπίοις
1453 1837 1738 1904 ὑλάγμασιν

456 1953 597 2002 1510

825 1947 958 2011 ἄξει·
998 1948 1244 2015 κρατηθεὶς
1277 1949 1315 2001 δ’
1355 1949 1637 2015 ἡμερώτερος
1676 1953 1838 2016 φανεῖ.

675 2069 782 2114 ΧΟ.
822 2062 883 2119 ὡς
922 2060 976 2121 δη
1016 2059 1075 2113 σύ
1113 2080 1191 2124 μοι
1230 2061 1450 2127 τύραννος
1488 2060 1715 2126 Ἀργείαν
1753 2059 1873 2122 ἔσει,

452 2257 502 2296 V.
535 2257 655 2297 1498.
686 2264 881 2314 σωφρονεῖν
909 2261 1113 2314 εἰρημένον.
1173 2258 1293 2297 1499.
1320 2258 1455 2311 δεσμὸν
1480 2258 1519 2297 δὲ
1545 2255 1606 2296 Fl.
1623 2257 1758 2310 δεσμὸς
1773 2257 1813 2297 δὲ
1827 2255 1946 2295 Farn.
2006 2254 2124 2294 1501.
2153 2253 2263 2294 Libri

503 2330 556 2369 sic
581 2330 887 2383 interpungunt=
916 2332 984 2384 οὐχ
1011 2332 1105 2386 ὁρᾷς
1133 2332 1226 2387 ὁρῶν
1253 2331 1364 2378 τάδε;
1414 2330 1529 2370 1502.
1560 2336 1685 2376 πήσας
1712 2327 1815 2368 libri.
1849 2330 1994 2374 παίσας
2021 2326 2139 2367 schol.
2168 2328 2262 2368 Pin-

506 2401 599 2441 dari.
655 2403 775 2442 1503.
814 2403 917 2454 γύναι
961 2404 1003 2442 σὺ
1042 2404 1125 2449 τοὺς
1164 2406 1332 2449 ἥκοντας.

450 2567 632 2619 (Didot.):
663 2569 758 2615 ’ἦσαν
786 2569 825 2608 δὲ
853 2573 956 2623 τρεῖς
976 2571 1108 2616 τάξεις
1131 2575 1204 2610 τῶν
1223 2572 1309 2625 ἐρε-

450 2643 549 2687 τῶν,
581 2639 643 2677 καὶ
668 2639 691 2682 ἡ
720 2639 792 2689 μὲν
819 2640 922 2677 κάτω
952 2639 1187 2689 θαλαμῖται,
1217 2640 1240 2683 ἡ
1272 2637 1311 2677 δὲ

449 2709 550 2756 μέση
580 2709 752 2756 ζυγῐται,
781 2707 803 2749 ἡ
835 2705 873 2744 δὲ
893 2708 970 2744 ἅνω
997 2708 1182 2760 θρανῖται.
1217 2708 1314 2760 θρα-

451 2774 551 2816 νίτης
579 2770 638 2810 οὖν
666 2772 685 2810 ὁ
713 2774 808 2826 πρὸς
837 2776 903 2818 τὴν
930 2772 1132 2827 πρὺμναν,
1167 2774 1318 2824 ςυγὶτης

453 2839 472 2877 ὁ
507 2843 645 2890 μέσος,
694 2840 906 2891 θαλαμίτης
949 2841 968 2878 ὁ
1009 2842 1104 2895 πρὸς
1142 2846 1314 2895 πρῶραν.

452 2905 588 2957 Itaque
625 2911 786 2961 νερτέρᾳ
827 2914 931 2963 κώπῃ
959 2914 1188 2962 προςήμενος
1226 2907 1316 2945 ‹lici-

453 2975 519 3011 tur
547 2973 612 3023 qui
641 2977 698 3012 est
725 2974 764 3013 in
794 2987 956 3013 numero
984 2982 1055 3015 τῶν
1079 2977 1316 3027 θαλαμιτῶν,

453 3043 586 3079 contra
627 3043 660 3081 οἱ
697 3044 759 3082 ἐπὶ
803 3048 901 3095 ζυγῷ
940 3044 1029 3081 sunt
1068 3045 1102 3082 οἱ
1144 3049 1316 3094 ζυγῖται,

453 3119 617 3157 quorum
661 3108 744 3148 illos
788 3109 944 3156 infimo,
1005 3110 1074 3148 hos
1117 3113 1323 3163 praecipuo

453 3172 535 3213 loco
577 3175 692 3215 fuisse
735 3179 854 3228 patet.
911 3177 1054 3216 Eadem
1098 3177 1322 3229 metaphora

454 3253 543 3279 usus
572 3245 628 3282 est
657 3256 773 3295 supra
801 3257 844 3283 vs
892 3245 994 3283 183:
1041 3246 1165 3297 σέλμα
1195 3247 1324 3296 σεμνὸν

454 3312 606 3360 ἡμένων.
643 3310 777 3362 Eurip.
808 3311 895 3350 Ion.
927 3312 1030 3351 595:
1064 3315 1115 3358 εἰς
1143 3315 1187 3352 τὸ
1216 3319 1324 3367 πρῶ-

458 3391 521 3416 τον
547 3378 676 3422 πόλεος
706 3379 885 3434 ὁρμηθεὶς
915 3384 1032 3430 ζυγόν.
1060 3401 1115 3408 —-
1143 3379 1323 3418 Ceterum

449 3441 562 3494 Jung.
593 3446 824 3498 κρατούντων
852 3446 970 3499 δορός.
1018 3446 1105 3501 δορὺ
1131 3457 1202 3497 pro
1231 3444 1319 3484 navi

455 3511 513 3548 est
540 3509 654 3549 etiam
684 3511 791 3550 Pers.
820 3512 914 3550 411.

511 3576 633 3617 1499.
661 3578 809 3631 Junge:
842 3579 977 3632 δεσμὸς
1004 3580 1042 3620 δὲ
1065 3581 1168 3621 αἵτε
1191 3587 1320 3627 νήστι-

459 3644 516 3689 δες
547 3645 626 3686 δύαι
657 3649 716 3687 καὶ
744 3650 789 3687 τὸ
815 3654 935 3702 γῆρας
966 3648 1148 3689 ὃίδασκειν
1176 3650 1320 3702 ἐξοχώ-

1406 2403 1524 2442 1509.
1553 2403 1688 2449 ἠπὶοις.

1391 2585 1509 2610 ταται
1537 2571 1816 2623 ἰατρομάντεις.
1862 2565 2049 2605 avincula
2078 2568 2117 2605 et
2142 2567 2265 2606 fames

1391 2635 1505 2675 etiam
1519 2637 1749 2674 senectutem
1765 2634 1936 2685 quamvis
1957 2632 2159 2673 indocilem
2174 2647 2264 2673 cor-

1393 2703 1520 2755 rigere
1562 2701 1728 2741 valent.’'
1772 2701 2043 2757 ἰατρομάντεις
2070 2714 2141 2754 pro
2169 2701 2262 2741 sim-

1396 2770 1485 2824 plici
1501 2773 1623 2826 ἰατροὶ
1635 2801 1646 2821 ,
1677 2769 1764 2821 quia
1791 2768 1925 2807 medici
1939 2768 2128 2820 quondam
2143 2769 2259 2808 iidem

1398 2837 1567 2878 solebant
1595 2850 1673 2876 esse
1701 2840 1880 2888 μάντεις,
1924 2837 1967 2874 ut
1996 2835 2263 2887 Epimenides,

1398 2903 1660 2958 Empedocles.
1703 2905 1942 2956 ἐξοχώταται
1961 2908 2116 2956 μάντεις
2131 2904 2264 2944 femin.

1399 2986 1487 3027 gen.
1500 2967 1639 3014 dictum
1653 2971 1920 3010 convenienter
1930 2984 2151 3024 praegresso
2164 2972 2261 3013 δύαι.

1457 3041 1574 3080 1504.
1603 3042 1763 3095 οἰκουρὸς
1791 3051 1878 3078 cum
1906 3041 2087 3078 contentu
2121 3038 2264 3077 dictum

1401 3121 1518 3160 aeque
1558 3119 1601 3146 ac
1638 3119 1753 3158 supra
1791 3118 1851 3145 vs.
1884 3106 2016 3152 1225;
2061 3106 2263 3158 respondet

1402 3186 1624 3229 praegresso
1653 3179 1742 3226 γυνὴ
1771 3175 1829 3214 σύ.

1459 3243 1562 3285 1507
1594 3255 1676 3293 sqq.
1720 3242 1883 3298 Ὀρφέως
1919 3244 2069 3293 γλῶσσα
2108 3242 2190 3280 erat
2225 3239 2266 3279 in

1402 3308 1622 3363 proverbio:
1648 3309 1724 3349 vid.
1748 3309 1884 3362 Eurip.
1901 3308 1984 3348 Alc.
2001 3308 2096 3352 357.
2118 3311 2262 3356 νηπίοις

1405 3379 1596 3430 ὑλάγμασι
1637 3389 1765 3416 amare
1796 3377 1938 3416 dietum
1966 3377 2007 3415 in
2038 3389 2146 3415 senes
2203 3375 2267 3414 Cf.

1400 3445 1651 3484 Homericum
1681 3443 1732 3483 Il.
1761 3458 1816 3496 π,
1847 3444 1895 3491 7;
1937 3446 2051 3485 τίπτε
2082 3444 2263 3498 δεδάκρυ-

1402 3529 1491 3564 σαι,
1523 3514 1781 3568 Πατρόκλεις,
1811 3516 1900 3559 ἠΰτε
1929 3513 2041 3568 κούρη
2069 3513 2200 3558 unnim

1458 3581 1576 3620 1511.
1620 3583 1667 3625 ὡς
1713 3581 1756 3627 δὴ
1795 3582 1852 3620 σὺ.
1899 3580 2052 3619 Ironice
2095 3579 2236 3618 dietum
2260 3593 2271 3614 :

1402 3646 1579 3699 Sophocl.
1623 3646 1721 3686 Oed.
1761 3646 1844 3687 Col.
1888 3647 1991 3686 813:
2044 3649 2092 3692 ὡς
2137 3645 2179 3694 δὴ
2222 3645 2265 3684 σὺ
