2340 3958
305 219 370 269 78

1052 223 1397 269 ΑΙΣΧΥΛΟΥ

690 383 701 396 ¹)
763 358 786 398 ι’)
844 381 856 396 9
942 379 955 395 Χ
1038 382 1050 398 e
1139 379 1148 396 Ι
1357 383 1368 396 r
1586 380 1594 397 Ι

670 392 771 433 αλλ
825 380 984 446 ανδρος
1025 402 1051 442 η
1090 377 1303 440 ξύνευνος
1343 403 1370 442 ν)
1408 379 1629 441 ξυναιτια

308 492 446 540 1015

827 488 996 555 φόνου·
1038 487 1209 546 στοὲσις
1242 488 1282 539 δ’
1318 487 1537 554 οξκόρετος
1575 489 1715 551 γένει.

743 598 1098 662 κατολολύξατ’
1135 596 1169 652 ὦ
1207 599 1417 664 θύματος
1454 599 1701 662 λευσίμου.

530 717 634 762 ΧΟ.
676 708 817 760 ποίαν
854 709 1032 775 Ἐρινὺν
1067 708 1205 771 τήνδε
1243 709 1454 773 δώμασιν
1495 709 1621 761 κε’λει

670 816 979 883 ἐπορθιαζειν;
1017 817 1072 870 ού
1107 838 1173 880 με
1209 817 1453 886 φαιδρύνει
1490 816 1659 879 λόγος·

2013 834 2117 873 1120

746 926 824 979 ἐπὶ
865 927 914 980 δὲ
952 928 1148 994 καρδίαν
1185 928 1361 995 ἔδραμε
1398 928 1707 995 κροκοβαφὴς

307 1024 446 1086 1020

746 1040 971 1102 σταγὼν,
1011 1036 1103 1093 ἅτε
1140 1039 1302 1106 καιρία
1340 1039 1583 1103 πτώσιμος

825 1147 1074 1211 ξυνανύτει
1110 1149 1218 1213 βίου
1258 1149 1418 1208 δύντος
1456 1151 1653 1212 αὐγαῖς.

901 1265 1093 1325 ταχεῖα
1130 1259 1170 1311 δ’
1207 1257 1312 1312 ἄτα
1349 1259 1503 1312 πέλει.

526 1375 631 1421 ΚΑ.

746 1365 782 1419 οὶ
818 1366 882 1430 ἄ,
923 1368 1017 1421 ἰδοὺ
1055 1369 1179 1429 ἰδού,
1219 1367 1387 1435 ἄπεχε
1424 1374 1512 1430 τῆς
1549 1367 1676 1431 βοός.

2010 1273 2116 1312 1124

1971 1388 2051 1424 ἀντ.
2071 1382 2115 1423 ε’.

820 1477 900 1530 τὸν
937 1482 1110 1545 ταῦρον
1147 1479 1462 1542 ἐμπέπλοισιν

304 1585 444 1636 1025

669 1587 985 1656 μελαγκερων
1021 1589 1254 1653 λαβοῦσα
1289 1590 1621 1656 μηχανήμασι

753 1698 952 1751 τύπτει·
992 1699 1145 1752 πίτνει
1175 1698 1214 1752 δ’
1252 1701 1300 1752 ἐν
1336 1698 1500 1766 ἐνύδρῳ
1537 1699 1686 1752 κύτει.

303 1880 354 1921 V.
374 1882 490 1921 1014.
521 1884 602 1925 ἀλλ’
623 1887 873 1940 ἅρκυςὴξὺν.
918 1886 1038 1926 1015.
1068 1892 1285 1942 ἀκόρεστος.
1327 1887 1447 1926 1016.
1477 1887 1763 1932 κατολολυξάτω
1778 1886 1866 1937 θὺμ.
1899 1883 2017 1922 1020.
2040 1885 2110 1923 ἅτε

357 1958 420 1995 καὶ
451 1956 560 2011 δορίοι
601 1958 661 1996 Μ.
708 1960 780 2000 ἅτε
809 1962 870 2001 καὶ
908 1961 1027 2015 δωρὶα
1060 1959 1119 1998 Fl.
1151 1962 1222 2001 ἅτε
1253 1961 1372 2015 δωρία
1396 1959 1515 1998 Farn.
1579 1958 1863 1998 1023—1025.
1892 1960 2019 2009 ἄπεχε
2042 1963 2110 2001 τῆς

355 2032 445 2082 βοὸς
483 2033 547 2070 τὸν
593 2034 741 2087 ταῦρον.
781 2036 816 2072 ἐν
853 2035 1027 2074 πέπλοισι
1068 2035 1313 2089 μελάγκερων
1349 2035 1606 2087 (μελάγκερωι
1643 2043 1759 2084 supra
1799 2046 1812 2070 ι
1838 2029 1960 2082 posito
1987 2045 2006 2067 ν
2032 2029 2110 2074 Μ.)

355 2105 450 2157 λαβ.
479 2111 635 2158 μηχανή
643 2121 748 2146 αατι.

300 2265 375 2304 quo
403 2266 491 2293 mox
522 2254 627 2292 1250
659 2257 884 2308 θανασίμους
901 2261 1059 2311 σφαγάς.
1100 2257 1160 2296 Si-

299 2319 443 2360 militer
482 2323 677 2375 λευσίμους
718 2328 818 2379 ἀρὰς
849 2324 1059 2376 Aeschylus
1104 2338 1160 2364 vs.

302 2389 409 2428 1616
423 2388 515 2428 dicit
528 2390 751 2429 exitiabiles
766 2392 1054 2432 exsecrationes
1064 2423 1075 2439 ‚
1087 2405 1162 2445 quo

298 2469 411 2495 sensu
448 2460 637 2510 ἁλώσιμον
676 2460 792 2513 βάξιν
831 2472 889 2499 vs.
908 2460 980 2507 10,
1008 2462 1046 2499 et
1074 2473 1163 2500 mox

299 2530 496 2578 πτώσιμος
535 2533 694 2579 σταγών.
754 2527 831 2567 Hic
861 2531 963 2582 θῦμα
990 2529 1164 2582 λεύσιμον

298 2593 447 2644 passivo
480 2606 590 2633 sensu
622 2595 787 2642 dictum,
813 2598 856 2636 ut
879 2609 993 2649 supra
1008 2610 1063 2636 vs.
1081 2597 1160 2636 639

299 2666 496 2713 πτώσιμος
525 2666 691 2718 στρατὸς
717 2675 788 2716 pro
819 2664 986 2703 exercitu
1014 2663 1159 2711 deleto,

297 2728 336 2766 iu
366 2729 487 2782 Soph.
517 2731 614 2770 Oed.
645 2730 695 2771 R.
725 2731 804 2770 959
836 2735 1040 2785 θανάσιμος
1067 2732 1159 2773 dici-

297 2800 363 2834 tur
403 2800 603 2845 mortuae,
647 2802 686 2838 et
714 2805 912 2852 πόμπιμος
939 2814 1017 2840 non
1045 2800 1162 2840 semel

297 2876 368 2915 pro
408 2869 592 2920 πεμφθείς
633 2867 803 2919 ponitur.
865 2870 920 2907 De
957 2869 1062 2908 omni
1089 2869 1162 2908 hoe

297 2944 438 2983 genere
457 2933 729 2984 adjectivorum
746 2935 826 2987 agit
841 2934 993 2976 Lobeck
1008 2936 1160 2977 Pathol.

297 3000 420 3039 Serm.
452 3001 522 3040 Gr.
552 3015 592 3053 p.
625 3002 704 3041 160
733 3007 816 3054 sq'q.

355 3066 472 3108 1017.
511 3072 623 3110 ποίαν
649 3067 785 3126 Ἐρινύν
810 3072 919 3117 τήνδε
946 3073 1045 3113 κέλει
1075 3074 1155 3124 (με)

297 3136 554 3189 ἑπορθιάζειν;
589 3137 797 3180 Quemnam
826 3139 945 3177 istum
958 3139 1156 3192 furialem

294 3201 488 3240 ululatum
530 3204 666 3242 tollere
705 3218 765 3243 me
792 3205 912 3256 jubes
937 3207 961 3245 ?
1019 3205 1156 3261 Ἐρινὺν

296 3267 390 3307 dicit
429 3281 540 3319 quem
586 3283 642 3309 vs.
672 3271 749 3310 645
789 3280 934 3315 παιᾶνα
962 3272 1155 3330 Ἐρινύων,

296 3337 335 3374 et
361 3348 417 3374 vs.
448 3336 524 3374 991
559 3340 688 3392 θρῆνον
720 3338 898 3394 Ἐρινύοςε
929 3340 1158 3393 intelligitur

296 3403 369 3442 hoc
406 3415 427 3441 e
458 3401 572 3452 verbo
596 3408 854 3460 ἐπορθιάζειν,
886 3407 1026 3446 dicitur
1055 3407 1156 3445 enim

296 3473 533 3526 ἐπορθιάζειν
559 3473 781 3524 ὀλολυγμὸν,
811 3479 906 3524 γόον.
948 3474 1011 3513 sie
1037 3476 1152 3527 ὑμήν,

296 3540 467 3590 ὑμέναιος
507 3541 545 3578 et
581 3539 671 3578 deus
710 3542 748 3579 et
789 3553 942 3582 carmen
971 3545 1151 3589 vocatur,

295 3618 338 3645 ac
366 3605 539 3646 similiter
573 3605 689 3646 latine
715 3607 820 3648 dira.

820 2105 940 2145 1026.
979 2107 1112 2162 ἐνύδρῳ
1149 2109 1288 2160 τεύχει.

1298 2256 1416 2295 1019.
1446 2259 1508 2297 ἐπὶ
1537 2257 1577 2295 δὲ
1599 2255 1755 2312 καρδίαν
1777 2256 1855 2295 κτὲ.
1891 2254 1964 2292 Cor
1981 2266 2105 2292 meum

1242 2324 1382 2364 adsilit
1427 2324 1619 2363 irruentis
1660 2323 1864 2375 sanquinis
1909 2322 2079 2373 impetus
2094 2351 2106 2367 ‚

1241 2393 1310 2445 qui
1351 2395 1566 2445 opportune
1602 2391 1734 2430 letalis
1784 2389 1980 2429 concurrit
2021 2402 2106 2428 cum

1242 2460 1410 2500 labentis
1438 2459 1546 2499 vitae
1572 2459 1731 2498 lumine.
1787 2456 1922 2496 Gelido
1943 2470 1983 2496 se
2006 2456 2106 2496 affici

1242 2527 1333 2567 dicit
1370 2527 1552 2573 horrore,
1594 2538 1707 2578 quem
1746 2523 1896 2564 letalem
1925 2523 1998 2563 sibi
2023 2525 2106 2563 fore

1241 2595 1458 2649 praesagit,
1510 2594 1575 2634 sed
1630 2595 1847 2646 opportuno
1907 2595 2102 2645 tempore,

1240 2663 1382 2716 quippe
1422 2675 1541 2714 quum
1577 2662 1659 2712 jam
1701 2661 1749 2700 ad
1776 2673 1974 2713 vesperam
2002 2659 2102 2700 vitae

1241 2730 1620 2784 appropinquaverit.
1665 2730 1901 2780 Comparant
1929 2729 2035 2780 Sept.
2052 2726 2100 2766 ad

1241 2799 1314 2838 Th.
1343 2811 1400 2836 vs.
1430 2798 1535 2836 834:
1567 2801 1676 2838 κακόν
1702 2812 1741 2838 τι
1769 2796 1926 2852 καρδίαν
1952 2811 2005 2848 με
2031 2809 2096 2835 πε-

1240 2868 1402 2923 ριπίτνει
1427 2867 1549 2921 κρὺος.
1584 2864 1695 2916 Virg.
1726 2865 1868 2915 Georg.
1899 2863 1968 2910 ΙΙ,
1997 2863 2102 2902 484;

1226 2934 1411 2986 friqidus
1451 2932 1647 2972 obstiterit
1688 2931 1833 2970 circum
1868 2929 2101 2982 praecordia

1238 3001 1411 3053 sanquis.
1443 3005 1679 3057 κροκοβαφὴς
1701 3002 1869 3051 σταγὼν,
1888 3009 2105 3050 purpureus

1236 3069 1366 3116 rivus,
1397 3072 1555 3108 venusta
1585 3067 1817 3119 periphrasis
1845 3078 1916 3118 pro
1945 3064 2099 3117 sangui-

1237 3137 1296 3178 nis
1322 3137 1440 3176 fluxu.
1469 3141 1665 3187 πτώσιμος
1693 3132 1988 3173 construendum
2011 3145 2099 3172 eum

1237 3203 1352 3245 verbo
1381 3204 1593 3251 ξυνανύτει,
1624 3203 1665 3241 h.
1693 3214 1727 3241 e.
1755 3200 1868 3240 simul
1882 3214 1968 3240 eum
1979 3202 2103 3240 aetate

1236 3272 1284 3312 ad
1310 3273 1426 3311 finem
1456 3274 1652 3321 properat.

1293 3339 1413 3378 1023.
1456 3339 1531 3378 ἰδοὺ
1572 3338 1677 3388 ἰδού,
1720 3342 1843 3390 ἄπεχε
1885 3344 1953 3384 τῆς
1994 3341 2097 3391 βοός.

1237 3405 1519 3458 Agamemnoni
1536 3405 1609 3443 hoe
1624 3404 1730 3451 dicit,
1746 3417 1859 3456 quem
1873 3403 1980 3456 quasi
1990 3415 2102 3456 prae-

1237 3476 1383 3514 sentem
1406 3472 1522 3512 videt.
1567 3473 1681 3519 '‘En,
1710 3486 1781 3519 en,
1812 3485 1905 3512 cave
1928 3471 1976 3510 ab
1997 3471 2103 3510 illa!

1245 3540 1319 3580 Sed
1333 3540 1490 3580 frustra.
1521 3538 1594 3578 Illa
1610 3542 1762 3579 taurum
1777 3539 1968 3580 irretitum
1985 3538 2075 3579 ferit
2086 3567 2098 3582 ,

1234 3607 1298 3659 qui
1325 3607 1365 3647 in
1385 3606 1506 3647 lebete
1528 3606 1784 3660 procumbit.’'
1812 3608 1861 3648 cf.
1878 3607 2096 3646 Comment.
