2306 3944
727 202 798 250 IN
829 200 1345 252 AGAMEMNONEM.
1853 202 1945 247 303

203 355 281 403 Vs.
318 356 458 402 1380.
525 353 615 400 Pro
651 353 849 403 ἐκπνέων
886 353 1048 417 scripsi
1082 369 1187 401 cum
1221 348 1484 413 Hartungio
1513 350 1788 409 ἔκπνεῦσας.
1831 350 1952 398 Nam

139 443 192 488 ut
241 438 425 487 credam
463 440 662 488 ἐκπνέων
709 452 794 500 per
842 437 1071 500 synizesin
1108 436 1206 484 fieri
1241 451 1378 500 posse
1415 434 1715 498 disyllabum,
1751 450 1845 483 non
1879 451 1953 483 me

140 523 379 571 adducunt
422 520 633 583 exempla
673 519 916 567 verborum
962 521 1044 581 δέῃ
1089 524 1135 568 et
1175 523 1372 576 κέηται,
1407 534 1525 582 quae
1558 518 1640 565 tali
1674 517 1814 567 modo
1848 535 1956 568 con-

139 607 414 662 trahuntur3
459 618 738 667 quamquam
781 601 839 649 de
873 602 961 650 hoc
995 603 1097 666 ipso
1130 603 1314 665 litigant
1347 601 1661 664 grammatici:
1697 602 1788 652 vid.
1822 603 1957 652 Butt-

139 689 298 739 manni
332 689 410 737 Gr.
445 688 523 735 Gr.
558 687 694 750 ampl.
730 687 785 744 I,
825 703 870 750 p.
897 688 1005 735 545.
1029 687 1103 745 ΙΙ,
1126 704 1172 750 p.
1198 689 1307 734 151.
1359 685 1552 733 Accedit
1591 686 1720 750 quod
1757 687 1956 737 aoristus

138 774 213 822 hic
246 772 396 836 aptior
428 775 498 818 est
531 787 670 835 quam
700 786 947 834 praesens;
983 771 1188 835 alioquin
1209 769 1530 834 praetulissem
1551 771 1798 820 lectionem
1819 772 1956 820 Farn.

140 860 382 914 ἔκπνείων,
417 861 471 904 ut
504 871 643 919 supra
675 871 742 903 vs.
779 856 871 901 105
912 855 1082 917 legitur
1114 859 1410 905 καταπνείει.

206 975 286 1024 Vs.
321 978 463 1025 1385.
530 976 620 1023 Pro
671 974 894 1022 librorum
946 974 1143 1022 lectione
1184 980 1246 1036 μὴ
1282 972 1325 1022 δ’
1360 974 1617 1036 ἐπιλεχθῆς
1649 976 1767 1036 (-ῇς)
1800 976 1958 1040 plures

143 1059 436 1121 conjecerunt
479 1058 738 1121 ἕπιλέξῃς,
790 1074 935 1122 eaque
989 1057 1270 1115 emendatio,
1316 1057 1568 1121 approbata
1612 1059 1831 1118 Franzio,
1862 1064 1957 1109 tam

142 1144 385 1192 manifesta
439 1147 531 1202 est,
588 1148 642 1191 ut
691 1143 856 1190 mirere
906 1132 1230 1189 Hermannurn
1279 1141 1329 1188 in
1379 1141 1469 1189 alia
1509 1142 1648 1190 ivisse
1667 1180 1679 1200 ,
1727 1143 1959 1206 legentem

144 1245 310 1293 nempe
344 1229 517 1291 μηκέτι
564 1229 716 1290 λεχθῇ
760 1227 818 1276 δ’.
861 1226 1166 1290 Aptissimum
1206 1229 1275 1273 est
1312 1230 1581 1292 ἐπιλέγειν,
1627 1227 1758 1275 dictis
1798 1228 1960 1276 addere

143 1313 344 1379 aliquid,
378 1316 424 1360 et
450 1312 610 1360 ambae
633 1310 978 1359 terminationes
1009 1316 1235 1361 ·ΧΘΗΙΣ
1270 1313 1316 1357 et
1350 1318 1561 1361 -ΚΕΗΙΣ
1586 1310 1760 1374 passim
1778 1328 1962 1376 permu-

143 1402 315 1447 tantur.
362 1398 474 1445 Post
505 1396 594 1443 hoc
626 1395 903 1444 vocabulum
935 1395 1093 1459 plures
1128 1394 1325 1442 editores
1358 1394 1550 1442 lacunae
1585 1394 1771 1458 signum
1797 1412 1963 1460 posue-

145 1486 275 1540 runt,
323 1481 433 1547 quia
482 1480 667 1544 strophe
718 1480 832 1527 haee
869 1496 1087 1528 versuum
1125 1494 1320 1526 numero
1367 1495 1461 1526 non
1500 1479 1811 1542 respondebat
1845 1481 1962 1528 anti-

145 1565 360 1629 stropha-e
404 1581 470 1614 vs.
515 1567 641 1612 1406
679 1580 776 1628 sqq.
844 1562 938 1611 Sed
980 1562 1040 1610 ad
1083 1579 1272 1610 sensum
1316 1561 1431 1609 nihil
1471 1578 1661 1626 prorsus
1696 1563 1771 1611 hic
1811 1563 1964 1622 deest;

147 1666 289 1715 quare
326 1651 496 1698 rectius
527 1649 796 1712 judicarunt
837 1648 918 1713 qui
957 1647 1008 1695 in
1051 1647 1337 1712 antistropha
1367 1646 1522 1711 potius
1558 1646 1677 1696 duos
1711 1649 1963 1698 versiculos

151 1733 251 1785 οὔτ’
285 1736 577 1796 ἀνελεύθερον
610 1735 718 1784 κτὲ.
754 1732 975 1780 delendos
1010 1736 1301 1781 censuerunt.

217 1863 414 1912 Gravius
453 1863 600 1912 vitiati
634 1867 743 1911 sunt
775 1862 974 1927 proximi
1011 1878 1189 1920 versus,
1229 1877 1346 1927 quos
1386 1861 1568 1910 codices
1604 1861 1671 1910 sic
1707 1863 1896 1925 legunt:

218 2003 295 2052 Vs.
332 2005 456 2051 1395
494 2019 591 2067 sqq.
727 2004 950 2072 βιάζεται
984 2002 1023 2051 δ’
1060 2002 1325 2062 ὁμοσπόροις

723 2087 1003 2146 ἐπιρροαῖσιν
1037 2089 1252 2146 αἱμάτων

527 2170 684 2227 μέλας
708 2165 856 2228 ’Ἄρης
893 2176 905 2189 ·
941 2167 1041 2215 ὅποι
1074 2166 1124 2214 δὲ
1159 2169 1237 2214 καὶ
1272 2166 1551 2225 προςβαῐνων

622 2252 794 2308 πάχνα
827 2249 1075 2308 κουροβόρῳ
1109 2244 1321 2308 παρέξει.

158 2364 332 2412 Ultima
363 2364 523 2422 verba,
557 2363 607 2412 in
641 2364 810 2429 quibus
847 2365 971 2415 οὐδὲν
1006 2367 1163 2427 ὑγιές,
1197 2362 1407 2427 plerique
1441 2363 1507 2410 sic
1542 2363 1776 2411 scribunt:

831 2494 930 2543 ὅποι
965 2494 1016 2542 δὲ
1049 2498 1130 2544 καὶ
1166 2495 1415 2554 προβαίνων

647 2579 816 2638 πάχνᾳ
850 2577 1098 2637 κουροβόρῳ
1133 2573 1344 2636 παρέξει.

162 2702 225 2748 At
257 2718 316 2749 ne
351 2718 407 2750 ex
441 2702 513 2750 his
546 2701 733 2767 quidem
766 2702 1053 2766 probabilem
1087 2718 1275 2750 sensum
1310 2701 1479 2748 elicias.
1521 2701 1672 2748 Verba
1694 2717 1860 2766 nempe
1883 2702 1970 2750 hoc

163 2786 498 2849 significarent:
549 2803 714 2851 quoquo
755 2787 1046 2850 proqrediens
1081 2787 1256 2845 (Mars)
1306 2785 1506 2832 nativoro
1558 2786 1708 2832 cruori
1734 2787 1946 2834 exhibebit
1957 2809 1973 2834 .-

164 2870 276 2934 quid
326 2875 480 2920 autem
530 2871 792 2919 exhibebit?
841 2869 1157 2935 supplendum
1198 2869 1416 2916 nimirum
1451 2871 1729 2931 ὃμοσπόρους
1758 2871 1972 2934 ἐπιρροας

167 2961 381 3017 αἱμάτων
395 2998 409 3017 ,
435 2958 607 3021 coqnati
627 2957 1052 3021 sanquinisfluenta3
1069 2955 1212 3020 idque
1230 2955 1281 3002 in
1298 2954 1423 3001 hunc
1441 2971 1628 3001 sensum
1647 2954 1975 3018 explicandum

169 3042 277 3090 crit:
329 3042 491 3101 „Mars
535 3058 722 3106 quoquo
756 3040 1094 3104 progrediatur,
1129 3039 1272 3086 caesis
1303 3037 1459 3085 liberis
1493 3038 1758 3102 (Thyestae)
1789 3036 1975 3088 inferias

168 3126 334 3174 reddet
378 3130 676 3189 cognatorum
727 3124 1042 3187 sanguinem.”
1108 3124 1171 3171 At
1222 3122 1325 3187 quis
1375 3122 1531 3170 credat
1572 3127 1756 3187 poetam
1795 3124 1865 3177 ita,
1899 3126 1977 3173 ob-

172 3225 326 3267 scure,
371 3227 430 3258 ne
476 3210 624 3258 dicam
656 3209 812 3273 inepte
846 3209 1080 3256 locutum?
1146 3208 1267 3256 Nam
1299 3207 1500 3271 primum
1532 3206 1728 3271 παρέῖξει
1759 3209 1825 3257 ita
1850 3210 1978 3258 nude

172 3293 403 3357 positum,
443 3295 573 3342 nullo
619 3293 778 3342 addito
824 3293 1029 3355 objecto,
1063 3308 1200 3339 nemo
1234 3292 1367 3339 facile
1402 3292 1700 3350 intellexerit3
1740 3297 1841 3341 tum
1874 3294 1976 3345 ὅποι

174 3380 225 3428 δὲ
251 3382 329 3427 καῖ
362 3381 612 3440 προβαίνων
644 3395 728 3442 pro
757 3379 856 3428 δ’ποι
891 3376 931 3427 δ’
970 3378 1024 3428 &v
1059 3381 1139 3427 καὶ
1173 3379 1344 3439 προβῇ,
1370 3380 1422 3423 ut
1443 3376 1740 3424 Hermannus
1759 3378 1979 3441 explicat,

177 3465 248 3509 est
279 3465 508 3509 structura
539 3463 617 3511 vix
650 3464 863 3521 ferenda3
898 3466 943 3510 et
966 3462 1079 3526 quid
1103 3462 1191 3509 sibi
1213 3462 1313 3509 vult
1334 3461 1457 3509 istud
1485 3479 1649 3526 quoquo
1661 3461 1982 3525 proffrediens?

178 3544 309 3607 Quid
340 3562 448 3593 vero
482 3548 542 3594 sit
570 3552 739 3613 πάχνα
772 3549 1061 3610 κονρόβορος,
1096 3547 1140 3594 11.
1176 3563 1214 3595 0.
1239 3547 1410 3607 pruina
1443 3547 1670 3604 nativora,
1707 3546 1889 3594 difficile
1913 3549 1983 3592 est

179 3631 404 3693 conjicere
420 3652 432 3688 ;
469 3632 702 3696 explicant
744 3636 1048 3691 „concretum
1089 3631 1360 3693 sanguinem
1394 3647 1643 3695 puerorum
1677 3631 1931 3678 occisorum
1942 3630 1983 3685 ;''
