2340 3958
943 176 1410 228 .ArArAEEnssNsnN.
2011 167 2073 218 87

636 341 926 408 ἐπεύχεται,
966 341 1179 403 θήγουσα
1216 335 1347 407 φωτὶ
1386 335 1674 405 φάσγανον,

640 454 759 516 ἐμῆς
798 453 1003 515 άγωγῆς
1041 449 1376 503 άντιτίσασθαι
1415 446 1570 514 φόνον.

636 559 686 613 τί
724 558 825 621 δῆτ’
865 561 1082 624 ἐμαυτῆς
1121 554 1435 620 καταγέλωτ’
1475 554 1577 622 ἔχω
1616 553 1735 608 τάδε

272 675 408 724 1155

633 669 714 721 καὶ
754 675 979 734 σκῆπτρα
1017 667 1099 719 καὶ
1138 671 1353 731 μαντεῖα
1391 665 1495 731 περὶ
1535 663 1637 732 δέρη
1673 662 1861 730 στέφης

1978 679 2080 718 1265

635 778 732 844 σφὲ
769 777 858 841 μὲν
906 775 992 842 πρὸ
1031 775 1198 842 μοίρας
1238 780 1325 834 τῆς
1364 776 1484 838 ἐμῆς
1522 774 1772 840 διαφθερῶ.

636 886 699 940 ἴτ’
738 888 787 945 ἐς
826 885 993 954 φθόρον
1031 882 1237 949 πεσόντ’,
1277 885 1372 947 ἐγὼ
1406 882 1444 935 δ’
1484 881 1574 949 οἴμ’
1613 880 1814 949 ἕψομαι.

634 995 793 1057 ἄλλην
831 994 918 1049 τιν’
956 994 1078 1056 άτης
1116 993 1221 1047 ἀντ’
1260 995 1376 1059 ἐμοῦ
1415 993 1713 1059 πλουτίζετε.

636 1108 731 1161 ἰδοὺ
764 1106 818 1171 δ’,
852 1106 1108 1160 Ἀπόλλων
1147 1105 1292 1165 αὐτὸς
1330 1104 1502 1158 ἐκδύων
1539 1104 1627 1168 ἐμὲ

270 1220 408 1271 1160

635 1216 931 1285 χρηστηρίαν
970 1214 1142 1278 ἐσθῆτ’,
1181 1215 1478 1274 άποπτύσας
1511 1216 1549 1267 θ’
1582 1215 1716 1279 ὁμοῦ.

1980 1231 2086 1274 1270

636 1328 725 1380 κάν
765 1327 918 1386 τοῖςδε
955 1326 1148 1390 κόσμοις
1186 1325 1574 1390 καταγελωμένη
1611 1324 1752 1389 μέγα

636 1435 794 1504 φίλων
834 1437 915 1488 ὑπ’
953 1436 1132 1502 ἐχθρῶν
1169 1437 1220 1488 οὐ
1260 1434 1570 1501 διχορρόπως,
1611 1433 1804 1498 μάτην,

635 1546 903 1611 κακουμένη
942 1545 990 1598 δὲ
1028 1545 1206 1615 φοιτας
1245 1547 1306 1604 ὡς
1344 1546 1583 1611 άγύρτρια

638 1656 866 1722 πτωχὸς,
904 1655 1149 1720 τάλαινα,
1186 1657 1408 1720 λιμοθνὴς
1447 1654 1735 1722 ἠνεσχόμην.

273 1771 412 1846 1165

271 1975 322 2015 V.
354 1974 472 2014 1156.
503 1976 545 2014 σὲ
573 1977 655 2026 μὲν.

322 2049 487 2094 πτεὺσας
515 2052 774 2096 (ἐπώπτευσας
802 2049 937 2097 Fam.)
968 2050 1011 2089 δέ
1036 2065 1088 2101 με
1118 2081 1127 2088 .
1147 2080 1159 2090 .
1185 2077 1195 2087 .

638 1765 720 1819 καὶ
753 1771 831 1819 νῦν
869 1768 891 1820 o‘
930 1766 1106 1830 μάντις
1144 1766 1319 1830 μάντιν
1359 1764 1606 1832 ἐκπράξας
1645 1766 1732 1830 ἐμὲ

733 1974 852 2017 1157.
884 1978 1020 2027 ἀγάθω
1048 1973 1079 2014 δ’
1107 1977 1336 2029 ἀμείψομαι.

1978 1783 2082 1827 1275

1413 1974 1534 2013 1158.
1564 1978 1672 2020 ἄτην.
1731 1973 1960 2013 1160-62.
1992 1978 2086 2017 ἐπο-

1227 2050 1536 2101 καταγελωμένην
1561 2052 1665 2100 μέτα
1694 2049 1806 2101 φίλων
1832 2070 1887 2076 --
1912 2050 1951 2087 et
1978 2047 2084 2086 dein-

323 2135 410 2175 ceps
438 2124 524 2175 post
551 2127 680 2175 μάτην
707 2123 830 2162 colon.
889 2123 1009 2163 1163.
1040 2125 1246 2175 καλουμένη
1270 2122 1326 2162 δὲ.

326 2287 433 2327 1154
460 2300 544 2340 sqq.
573 2286 856 2327 pulcerrimum
885 2289 988 2328 hune
1010 2288 1135 2329 locum

270 2355 447 2396 imitatus
482 2355 542 2396 vel
569 2355 694 2408 potius
732 2355 944 2396 aemulatus
973 2359 1029 2396 est
1059 2356 1134 2396 Eu-

274 2423 413 2477 ripides
436 2423 573 2463 Troad.
589 2424 666 2462 451
682 2441 692 2470 ;
723 2424 892 2480 παρῳδεῖ
908 2425 1134 2478 Aristopha-

274 2504 341 2531 nes
377 2491 449 2542 Eq.
477 2491 597 2530 1250.
653 2492 797 2531 Graeca
822 2492 960 2532 delibat
991 2493 1135 2532 Statius

273 2557 393 2599 Theb.
422 2558 533 2604 VII,
562 2558 656 2601 782.

331 2627 450 2665 1158.
480 2631 575 2674 ἄτης
602 2649 655 2655 -
683 2629 916 2678 πλουτίζετε.
957 2627 1064 2667 Inest
1092 2627 1134 2667 in

273 2695 346 2734 hoo
399 2707 528 2734 amara
586 2694 826 2747 exprobratio
877 2696 966 2735 doni
1016 2695 1139 2748 specie

272 2761 478 2815 praeclari,
509 2775 641 2802 revera
669 2762 854 2804 damnosi.
892 2763 952 2803 Ad
980 2763 1073 2802 haec
1101 2767 1139 2803 et

272 2830 464 2882 sequentia
492 2831 543 2870 ef.
568 2831 827 2871 Commentar.

331 2897 451 2937 1162.
481 2900 590 2953 φίλων
616 2897 677 2941 ὁπ’
708 2902 850 2955 ἐχθρῶν
889 2901 930 2939 οὐ
958 2899 1132 2954 διχορρό·

276 2979 379 3016 πως,
409 2965 499 3006 h.e.
528 2967 599 3007 ὑπὸ
626 2968 758 3020 φίλων,
791 2970 934 3022 ἐχθρῶν
949 2969 988 3007 οὐ
1003 2968 1137 3022 διχορ-

278 3037 400 3087 ρόπως
428 3035 548 3075 ὄντων.
610 3036 732 3089 φίλους
769 3034 948 3086 intelligit
976 3035 1134 3087 propin-

277 3113 372 3151 quos
412 3115 435 3140 a
476 3101 611 3154 quibus
661 3101 826 3141 ludibrio
869 3103 952 3141 erat
990 3101 1135 3141 habita.

279 3167 457 3208 Ceterum
494 3169 695 3210 verborum
736 3169 828 3208 ordo
856 3171 932 3208 est:
980 3175 1138 3224 ἠνεσχό-

281 3251 354 3286 μην
406 3241 692 3291 καταγελωμένη
738 3241 800 3279 καὶ
842 3243 1047 3290 κακουμένη
1090 3241 1138 3284 ὡς

281 3303 491 3358 ἀγύρτρια,
522 3309 671 3359 πτωχὸς
700 3308 763 3347 καὶ
791 3308 961 3358 λιμοθνὴς
990 3306 1133 3357 (oisc-00,

283 3372 452 3412 τάλαινα.
497 3389 515 3405 u
530 3373 706 3413 Sustinui
734 3387 793 3412 me
820 3374 993 3413 derideri
1022 3379 1139 3426 atque

283 3442 328 3476 ut
341 3438 602 3489 vayabundam
625 3441 910 3481 circulatricem
925 3442 1026 3480 male
1039 3441 1137 3480 mul-

284 3504 386 3551 tari,
429 3518 541 3558 quum
569 3509 766 3548 mendicae
791 3510 940 3556 instar,
971 3509 1136 3556 misera,

272 3572 387 3625 fame
426 3586 617 3616 enecarer.
659 3577 707 3616 cf.
749 3577 966 3617 Comment.
1024 3577 1141 3617 Poeta

1216 2288 1257 2327 in
1286 2288 1539 2327 Cassandram
1563 2289 1712 2328 confert
1734 2287 1983 2340 ignominias,
2002 2289 2085 2341 qui-

1215 2355 1284 2395 bus
1326 2355 1386 2395 sui
1423 2357 1607 2409 temporis
1651 2357 1815 2413 ᾀγὺρται
1857 2358 1895 2396 et
1935 2361 2090 2410 μάντεις

1214 2423 1328 2476 vulgo
1357 2425 1549 2477 proscindi
1578 2424 1762 2465 solebant.
1822 2425 1935 2477 Quod
1959 2425 2085 2466 homi-

1213 2506 1309 2532 num
1354 2507 1473 2545 genus
1524 2493 1703 2532 describit
1745 2493 1855 2535 Plato
1898 2494 1943 2533 de
1985 2495 2086 2547 Rep.

1214 2560 1287 2607 II,
1321 2561 1359 2602 7.
1392 2573 1429 2612 p.
1447 2561 1547 2599 364:
1581 2562 1744 2617 ἀγύρται
1773 2561 1813 2601 δὲ
1840 2564 1903 2602 καὶ
1929 2565 2088 2614 μάντεις

1215 2631 1276 2669 ἐπὶ
1327 2629 1507 2669 πλουσίων
1561 2629 1674 2684 θύρας
1716 2631 1830 2675 ἰόντες
1876 2632 2085 2682 πείθουσιν,

1220 2699 1269 2742 ὡς
1311 2700 1391 2737 ἔστι
1430 2699 1540 2752 παρὰ
1583 2699 1684 2751 σφίσι
1727 2697 1878 2750 δύναμις
1919 2701 1958 2738 ἐκ
2002 2701 2089 2739 θεῶν

1219 2769 1449 2820 ποριζομένη
1474 2765 1549 2805 κτὲ.
1599 2764 1656 2803 Ex
1681 2764 1752 2803 hoc
1776 2778 1916 2817 genere
1945 2779 2002 2805 ex,
2023 2777 2087 2819 gr.

1218 2831 1417 2870 Aeschinis
1455 2834 1578 2869 mater
1618 2830 1716 2878 fuit,
1760 2844 1876 2883 quam
1906 2832 2087 2872 descaibit

1219 2898 1491 2937 Demosthenes
1537 2898 1582 2937 de
1624 2898 1715 2938 Cor.
1758 2900 1776 2949 §
1817 2900 1897 2940 259
1921 2913 1979 2953 sq.
2022 2901 2085 2941 Cf.

1218 2965 1371 3005 Lobeck
1399 2965 1590 3019 Aglaoph.
1621 2965 1657 3006 Ι.
1686 2979 1726 3019 p.
1758 2967 1837 3006 646
1865 2980 1948 3020 sqq.

1272 3034 1377 3074 1165
1425 3046 1508 3086 sqq.
1564 3037 1699 3087 μάντιν
1753 3038 1947 3092 ἐκπράξας
1999 3040 2085 3090 ἐμέ.

1219 3106 1448 3158 ἐκπράττειν
1469 3101 1660 3141 interdum
1687 3102 1875 3156 significat
1897 3106 1948 3143 de
1960 3106 2088 3144 medio

1219 3171 1375 3217 tollere,
1421 3170 1630 3222 conficere,
1676 3173 1720 3210 ut
1762 3171 1800 3210 in
1831 3172 1951 3224 Soph.
1987 3172 2087 3212 Oed.

1220 3236 1304 3276 Col.
1336 3250 1391 3276 vs.
1425 3237 1554 3276 1655:
1603 3240 1643 3278 οὐ
1679 3243 1756 3295 γάρ
1797 3255 1855 3286 τις
1898 3242 2006 3281 αὐτὸν
2032 3263 2088 3269 -

1218 3308 1391 3360 κεραυνὸς
1433 3306 1653 3360 ἐξέπραξεν.
1715 3307 1803 3346 Hoc
1830 3307 1911 3347 loco
1941 3309 2087 3360 spectat

1219 3373 1421 3412 manifesto
1462 3373 1509 3411 ad
1550 3386 1816 3426 praegressum
1857 3388 1914 3414 vs.
1950 3375 2083 3414 1269:

1219 3438 1403 3481 Ἀπόλλων
1441 3442 1550 3487 αὐτὸς
1592 3442 1724 3483 ἐκδύων
1751 3445 1821 3495 ἐμὲ
1850 3445 2090 3499 χρηστηρίαν

1222 3512 1363 3556 ἐσθῆτα
1387 3511 1441 3537 —ss
1469 3508 1656 3561 significat
1681 3522 1798 3562 ergo:
1832 3510 2000 3562 confecit
2027 3523 2088 3549 me

1222 3581 1314 3627 (qua
1335 3578 1501 3625 vatem),
1553 3577 1595 3616 h.
1619 3589 1653 3615 e.
1682 3578 1777 3617 vatis
1804 3591 1965 3618 munere
1997 3590 2084 3630 spo-
