2340 3958
920 191 1386 241 ΑΓΑΜΕΜΝΩΝ.
1994 187 2024 234 9
2035 186 2061 235 1

624 352 739 407 σκιά
776 373 848 412 τις
886 352 946 407 ἂν
983 353 1229 419 κρύψειεν·
1271 352 1311 404 εἰ
1347 350 1398 404 δὲ
1436 349 1672 416 δυςτυχῆ,

626 463 801 526 βολαῖς
840 461 1091 528 ὑγρώσσων
1128 460 1350 524 σπόγγος
1387 459 1560 512 ὤλεσεν
1596 459 1807 528 γραφήν.

622 573 704 628 noa)
741 569 884 626 ταῦτ’
923 571 1103 624 ἐκείνων
1142 573 1337 635 μᾶλλον
1379 569 1582 636 οἰκτείρω
1621 569 1760 622 πολύ.

1957 587 2062 627 1330

1048 797 1287 842 ΧΟΡΟΣ.

259 1014 396 1063 1220

694 1009 767 1061 Τὸ
805 1009 893 1073 μὲν
931 1004 984 1061 εὖ
1022 1006 1250 1074 πράσσειν
1287 1006 1538 1072 άκόρεστον
1576 1006 1670 1074 ἔφυ

697 1121 819 1171 πᾶσι
855 1118 1114 1184 βροτοῖσιν·
1154 1116 1557 1170 δακτυλοδείκτων
1590 1115 1628 1169 δ’

695 1227 823 1287 οὔτις
859 1228 1076 1281 ἀπειπὼν
1114 1225 1262 1294 εἴργει
1302 1226 1575 1293 μελάθρων,

771 1334 941 1401 μηκέτ’
981 1336 1165 1403 §abnam
1203 1335 1348 1398 τάδε,
1384 1340 1565 1404 φωνῶν.

698 1446 779 1500 noel
817 1446 935 1514 τῷδε
973 1445 1112 1499 πόλιν
1149 1446 1238 1510 μὲν
1276 1446 1400 1498 ἑλεῖν
1437 1445 1602 1499 ἔδοσάν

261 1563 398 1614 1225

1967 1469 2069 1508 1335

844 1558 1061 1626 μάκοιρες
1096 1557 1314 1625 Πριάμου
1326 1574 1337 1584 ·

703 1667 974 1733 θεοτίμητος
1013 1668 1051 1721 δ’
1089 1667 1236 1722 οἴκαδ’
1274 1668 1436 1723 ἱκάνει.

259 1873 309 1913 V.
341 1870 461 1914 1217.
492 1875 578 1914 σκία
594 1888 651 1919 τις
665 1877 890 1929 ἀντρέψειεν.
951 1872 1070 1912 1221.
1101 1871 1411 1913 δακτυλοδεικτῶν
1430 1871 1474 1912 δ’.

258 2025 394 2066 umbra
417 2025 614 2073 obscurat,
638 2026 890 2066 infortunium
911 2025 1008 2065 sicut
1022 2025 1116 2065 scri-

258 2097 410 2148 pturam
439 2095 587 2135 madida
613 2094 772 2147 spongia
798 2093 890 2134 eluit
908 2093 1002 2123 ”—
1028 2093 1118 2132 Hu-

254 2162 320 2215 jus
341 2163 527 2203 enuntiati
548 2162 751 2216 praecipua
772 2162 828 2202 vis
851 2164 908 2202 est
929 2162 969 2201 in
991 2161 1120 2215 priore

259 2229 455 2278 membro,
485 2233 527 2270 ut
547 2230 649 2270 idem
669 2230 720 2270 sit
741 2243 784 2270 ac
804 2230 971 2270 sidicat:
991 2242 1118 2270 umor-

260 2296 394 2338 talium
411 2297 569 2338 felicitas
583 2310 700 2349 aeque
715 2297 789 2337 cito
804 2298 993 2337 evanescit
1007 2301 1121 2349 atque

261 2364 512 2406 infortunium
536 2364 659 2404 subito
683 2365 977 2417 exstinguitur.’'
1002 2366 1118 2405 Gom-

262 2435 400 2486 parant
439 2432 512 2472 1100
553 2431 746 2485 Euripidis
788 2434 928 2485 fragm.
958 2446 979 2471 e
1007 2431 1121 2472 Peleo

262 2500 363 2552 apud
400 2498 508 2540 Stob.
553 2500 671 2540 Anth.
717 2500 788 2540 Tit.
823 2501 874 2540 93
905 2501 1014 2551 (91),
1045 2503 1119 2541 10:

264 2572 327 2609 τὸν
348 2567 457 2623 ὄλβον
484 2569 584 2609 οὐδὲν
609 2569 775 2621 οὐδαμοῦ
803 2571 912 2624 κρίνω
939 2575 1119 2625 βροτοῖς,

264 2636 302 2676 ὃν
326 2634 362 2688 γ’
391 2638 575 2690 ἐξαλείφει
601 2639 695 2692 ῥᾷον
722 2640 745 2684 ἣ
772 2642 911 2692 γράφει
941 2642 1019 2684 θέος
1044 2636 1123 2686 (ubi

262 2716 352 2743 cave
377 2716 462 2742 cum
487 2704 678 2744 nonnullis
712 2707 856 2744 serious
885 2709 908 2752 ὴ
924 2705 1123 2762 ’γγράφει,

262 2783 338 2822 quo
364 2771 570 2824 imaginem
591 2773 838 2826 corruperis).
855 2796 911 2802 —
937 2777 998 2814 καὶ
1013 2773 1122 2814 ταῦτ’

264 2840 404 2879 ἐκείνων
431 2841 596 2892 μᾶλλον,
621 2840 739 2887 haee,
768 2840 794 2879 i.
821 2853 854 2879 e.
884 2853 1125 2879 communem

264 2906 364 2946 hanc
396 2906 617 2947 mortalium
661 2910 825 2955 sortem,
855 2909 979 2960 maqis
1007 2909 1126 2948 etiam

265 2987 378 3027 quam
409 2974 506 3022 illa,
535 2975 576 3015 h.
602 2988 636 3014 e.
666 2976 843 3028 proprios
871 2988 974 3015 meos
993 2989 1121 3023 casus,

267 3043 518 3082 commi-seror.
559 3042 790 3083 Luculenter
839 3044 881 3083 in
913 3044 985 3083 hoc
1014 3045 1125 3083 effato

269 3108 431 3149 celsioris
459 3110 576 3149 animi
601 3110 744 3150 indoles
766 3114 939 3164 apparet.

327 3176 442 3216 1220.
470 3182 515 3219 τὸ
541 3182 611 3231 μὲν
637 3179 677 3220 εὖ
700 3184 887 3236 πράσσειν
905 3184 1122 3236 ἄκορέστον.

271 3241 416 3294 Adjeet.
454 3250 655 3303 ἀκόρεστος
682 3246 730 3286 ab
754 3248 925 3300 appetitu
939 3249 1124 3288 transfer-

271 3311 336 3349 tur
372 3311 419 3351 ad
457 3325 538 3353 rem
587 3315 694 3366 cujus
734 3328 812 3354 non
848 3319 905 3354 est
946 3316 1123 3363 satietas,

273 3376 368 3416 sicut
394 3377 519 3420 latinis
560 3384 598 3422 et
623 3383 865 3423 insatiabilis
892 3383 1030 3422 dicitur
1058 3396 1124 3423 cu-

266 3444 419 3496 piditas
434 3476 444 3493 ,
500 3450 538 3487 et
584 3451 811 3502 pulcritudo
868 3451 1125 3491 insatiabilis.

271 3511 414 3552 Similis
441 3526 595 3566 prorsus
621 3521 678 3557 est
704 3519 796 3558 haec
826 3519 1015 3558 Herodoti
1039 3532 1125 3558 sen-

270 3580 389 3620 tentia
403 3579 551 3623 laudata
564 3584 748 3635 Stanleio,
765 3585 847 3625 VII
860 3617 872 3634 ,
889 3588 962 3627 492
984 3589 1127 3643 εὐπρη-

1538 1872 1658 1912 1223.
1688 1880 1825 1926 μηκέτι
1842 1872 1873 1915 δ’
1890 1877 2063 1934 εἰςέλθῃς.

1199 2027 1282 2072 ξὶης
1317 2031 1396 2082 γὰρ
1437 2029 1500 2067 οὐκ
1537 2030 1636 2069 ἔστιν
1662 2032 1888 2085 ἀνθρώποισι
1915 2029 2067 2082 οὐδεμίη

1199 2097 1394 2151 πληθώρη.

1256 2163 1376 2202 1221.
1435 2162 1746 2205 δακτυλοδείκτων
1789 2163 1836 2205 δ’.
1893 2163 2073 2216 Plerique

1195 2231 1366 2284 jungunt
1409 2231 1720 2272 δακτυλοδείκτων
1761 2233 1986 2288 μελάθρων,
2027 2234 2072 2271 ut

1201 2312 1331 2339 sensus
1360 2299 1467 2339 sitzn
1509 2300 1634 2339 Nemo
1662 2298 1710 2338 ab
1736 2298 1894 2339 aedibus
1908 2299 2070 2352 insigni-

1201 2366 1271 2406 bus
1309 2366 1459 2418 (beatis)
1498 2368 1692 2407 fortunam
1721 2370 1846 2414 arcet,
1878 2366 2067 2407 clamans:

1201 2434 1280 2474 noli
1322 2434 1486 2487 amplius
1526 2434 1721 2474 intrare!’'
1779 2434 1882 2486 Quid
1921 2437 2070 2475 autem?

1203 2503 1379 2542 Nemone
1406 2503 1478 2542 hoe
1505 2503 1623 2542 facit?
1672 2502 1799 2542 Immo
1842 2502 1956 2542 multi
1997 2503 2071 2543 hoc

1202 2572 1457 2617 monuerunt,
1487 2583 1509 2608 a
1536 2569 1655 2609 nimia
1683 2570 1837 2610 fortuna
1861 2570 2071 2622 cavendum

1204 2637 1305 2684 essb3
1322 2637 1386 2677 sed
1399 2638 1440 2676 in
1455 2636 1536 2676 aliis
1548 2668 1559 2684 ‚
1576 2638 1707 2676 nonin
1723 2650 1762 2677 se
1775 2638 1882 2689 ipsis.
1912 2638 2070 2678 Rectius

1199 2705 1340 2757 junges
1382 2706 1480 2752 οὔτις
1521 2715 1591 2746 τῶν
1633 2706 1942 2748 δακτυλοδείκτων
1988 2707 2066 2748 κτὲ.

1209 2772 1420 2812 uMortales
1433 2804 1444 2820 ,
1461 2773 1552 2811 dicit
1561 2803 1572 2819 ,
1585 2773 1814 2813 insatiabiles
1826 2777 1917 2813 sunt
1929 2787 2044 2826 opum
2055 2790 2066 2821 3

1205 2853 1317 2879 nemo
1332 2853 1561 2892 quamquam
1577 2839 1816 2881 beatissimus
1830 2841 1979 2880 felicem
1988 2842 2067 2881 for-

1205 2910 1338 2947 tunam
1366 2911 1425 2956 (τὸ
1443 2908 1484 2949 εὖ
1504 2913 1706 2966 πράττειν)
1722 2911 1827 2949 arcet
1840 2911 1878 2948 et
1892 2911 2072 2962 precatur

1206 2988 1255 3015 ne
1278 2975 1443 3028 amplius
1467 2976 1622 3016 domum
1650 2990 1758 3016 suam
1785 2976 1945 3017 intret.”
1975 2978 2069 3019 δακ-

1206 3044 1435 3091 τυλόδεικτος
1476 3044 1604 3098 signif.
1644 3046 1712 3098 qui
1737 3049 2069 3098 praetereuntium

1205 3113 1331 3164 diqz'to
1386 3116 1626 3152 monstratur
1674 3111 1723 3152 ob
1771 3113 2069 3165 praestantiam,

1206 3191 1318 3231 opes,
1350 3178 1436 3218 alia.
1466 3178 1590 3219 Stanl.
1619 3182 1658 3219 et
1684 3180 1859 3220 Boisson.
1902 3180 2070 3220 Notissi-

1207 3259 1314 3285 mum
1341 3245 1435 3286 illud
1459 3246 1582 3287 Persii
1609 3248 1690 3287 Sat.
1721 3247 1766 3295 I,
1798 3248 1875 3287 28:
1906 3247 1962 3287 At
1976 3248 2070 3302 pul-

1207 3327 1314 3354 crum
1350 3319 1408 3354 est
1448 3315 1573 3367 diqito
1614 3316 1824 3355 monstrari
1866 3320 1906 3355 et
1946 3315 2073 3355 dicier

1208 3393 1281 3422 mc
1315 3393 1405 3422 EST.
1463 3383 1645 3422 Ceterum
1683 3386 1828 3436 spectat
1863 3386 1975 3436 poeta
2003 3395 2067 3422 ex·

1207 3453 1379 3503 optatum
1404 3449 1519 3504 vulgo
1546 3449 1666 3491 bonae
1690 3451 1885 3491 Fortunae
1905 3451 1942 3490 in
1960 3450 2068 3490 aedes

1206 3518 1406 3558 introitum
1419 3549 1430 3565 ‚
1459 3522 1500 3558 ut
1513 3521 1644 3558 monet
1661 3519 1836 3559 Dindorf.
1852 3518 1973 3559 citans
1994 3518 2066 3558 'Lo-

1206 3585 1314 3626 beck.
1344 3585 1533 3639 Aglaoph.
1562 3600 1603 3640 p.
1634 3587 1754 3627 1239.
