2306 3944
772 192 841 240 IN
874 167 1390 238 AGAMEMNONEM.
1891 189 1981 232 169

1062 347 1120 401 ὡς
1154 345 1277 404 μήτε
1310 346 1450 403 γέρων

581 423 692 486 μήτ’
727 422 799 474 οὖν
836 430 996 484 νεαρῶν
1035 445 1109 481 τις
1144 425 1461 484 ὑπερτελέσαι
1497 447 1554 455 -

185 540 243 595 ὥς
278 536 593 597 ὑπερτελέσαι
632 533 682 579 in
727 532 930 595 optativo
974 532 1177 594 positum
1220 531 1447 592 significat
1480 546 1575 576 eum
1615 529 1663 575 in
1704 527 1876 575 modum
1908 543 1990 590 quo

185 622 279 668 sive
312 624 374 666 ut.
443 617 661 665 Similiter
695 632 834 663 mox:
871 619 1098 665 τείναντα
1132 621 1289 666 πάλαι
1330 613 1501 676 τόξον,
1537 615 1654 672 ὅπως
1688 613 1744 664 ἄν
1775 639 1839 647 -
1877 616 1989 668 σκη-

186 706 327 763 ψειεν.
389 701 555 747 Forma
605 698 796 762 optativi
845 698 895 745 in
950 718 1022 747 -αι
1072 698 1301 759 Aeschylo
1354 697 1481 744 haud
1525 697 1743 767 inusitata
1789 702 1870 745 est.
1936 697 1996 743 In

184 784 271 830 hoc
306 800 467 830 caussa
498 782 598 831 vitii
630 782 781 845 posita
822 781 949 845 quod
981 780 1155 827 librarii
1191 783 1509 842 ὑπερτελέσαι
1542 798 1626 844 pro
1659 781 1885 829 infinitivo
1918 780 1997 827 ha-

185 868 406 924 buerunt,
451 883 544 931 quo
588 871 750 930 sponte
794 870 937 928 γέρων
969 867 1126 929 (prave
1177 866 1350 912 lectum
1385 869 1546 927 γέραν)
1581 865 1631 912 in
1664 870 1818 928 μέγαν
1851 868 1998 912 muta-

185 957 284 1000 tum
320 956 401 1000 est.

250 1035 431 1083 Deinde
467 1034 612 1082 critici
644 1034 893 1081 haeserunt
924 1033 975 1080 in
1019 1033 1171 1080 verbis
1205 1034 1422 1090 δουλείας
1457 1039 1717 1096 γάγγαμον
1751 1037 1899 1095 ἄτης,
1948 1033 1998 1082 in

187 1120 353 1186 quibus
390 1120 563 1184 duplex
597 1118 827 1181 genitivus
860 1118 998 1166 variis
1032 1117 1183 1164 modis
1219 1121 1434 1179 acceptus
1471 1120 1552 1163 est.
1620 1117 1713 1162 Alii
1747 1122 1997 1182 utrumque

188 1222 464 1270 suspensum
512 1205 689 1252 faciunt
739 1221 765 1251 a
810 1208 1071 1267 γάγγαμον
1089 1236 1103 1257 ‚
1151 1206 1205 1249 ut
1250 1202 1364 1248 alter
1405 1201 1463 1248 sit
1507 1200 1736 1263 genitivus
1782 1202 1999 1262 subjecti,

187 1291 302 1339 alter
334 1289 520 1352 objecti3
557 1289 635 1337 alii
669 1291 788 1347 ἄτης
823 1288 1108 1338 παναλώτου
1143 1286 1432 1350 appositione
1463 1285 1679 1346 junctum
1714 1302 1812 1333 esse
1836 1287 2000 1335 volunt

189 1391 295 1423 cum
329 1375 576 1432 δουλείας,
611 1374 676 1421 ita
709 1373 1068 1435 distinguentes:
1105 1373 1323 1429 δουλείας
1358 1374 1645 1433 γάγγαμον,
1693 1371 1813 1429 ἄτης
1847 1390 2001 1421 πανα-

191 1461 370 1516 λῶτου;
405 1459 470 1506 sic
503 1458 726 1523 plerique.
760 1458 1058 1505 Hermannus
1094 1456 1293 1519 denique
1328 1455 1535 1518 poeticae
1572 1454 1764 1501 dictioni
1797 1455 1998 1502 maxime

192 1559 447 1605 congruum
477 1546 635 1605 putat,
670 1547 723 1589 ut
755 1543 870 1589 alter
903 1542 1133 1604 genitivus
1169 1557 1225 1588 ex
1266 1540 1408 1586 altero
1442 1538 1667 1602 pendeat,
1719 1538 1813 1585 sic:
1866 1542 2001 1603 μέγα

191 1631 454 1689 γάγγαμον
484 1626 605 1684 ἄτης
639 1625 925 1676 παναλώτου
959 1631 1044 1683 τῆς
1077 1626 1317 1682 δουλείας,
1352 1640 1444 1687 quo
1469 1626 1760 1670 constrantur
1784 1626 1868 1682 τῆς
1897 1625 2001 1674 δου.

193 1714 328 1767 λείας
362 1711 476 1765 ἄτη.
529 1708 711 1755 Horum
744 1708 860 1755 nihil
896 1713 1151 1755 venustum.
1203 1709 1260 1754 In
1282 1708 1431 1771 prima
1465 1708 1806 1755 constructione
1841 1708 2004 1755 obscu-

194 1791 304 1839 ritas
335 1791 478 1839 inest:
508 1808 652 1856 aeque
674 1795 831 1855 posset
859 1791 1078 1855 explicari
1113 1793 1331 1850 δουλείας
1362 1796 1621 1855 γάγγαμον
1655 1794 1842 1854 offerens
1863 1778 2002 1852 ἄτην,

194 1878 331 1939 atque
365 1876 486 1934 ἄτης
519 1880 778 1940 γάγγαμον
811 1879 997 1939 afferens
1030 1878 1262 1926 δουλείαν.
1314 1878 1519 1924 Alteram
1543 1877 1932 1925 constructionem
1966 1876 2006 1922 si

197 1958 432 2017 attendas,
483 1960 651 2007 fateare
693 1963 812 2019 ἄτης
847 1962 1131 2011 παναλώτου
1164 1961 1318 2008 minus
1354 1965 1458 2024 apte
1494 1961 1812 2025 explicationis
1847 1975 2007 2007 caussa

197 2043 306 2092 addi
338 2044 560 2091 vocabulo
592 2045 838 2103 δουλείας,
886 2062 1030 2108 quum
1064 2045 1180 2092 illud
1214 2046 1397 2108 gravius
1432 2046 1491 2092 sit
1525 2062 1664 2110 quam
1696 2046 1803 2102 hoc3
1855 2062 2006 2110 neque

193 2145 300 2176 vero
325 2128 520 2176 dubium
544 2132 614 2176 est
634 2130 747 2193 quin
759 2129 1014 2192 Aeschylus
1031 2129 1239 2190 junxerit
1262 2134 1524 2192 γάγγαμον
1543 2129 1662 2188 ἄτης
1676 2169 1689 2188 ,
1717 2129 1844 2194 quod
1867 2130 2006 2177 etiam

192 2217 412 2277 tanquam
460 2217 624 2260 notum
674 2212 848 2259 dictum
891 2213 1106 2260 laudatur
1151 2230 1177 2260 a
1208 2213 1398 2260 Polluce
1433 2213 1498 2269 X,
1538 2216 1658 2270 1323
1718 2219 1763 2261 et
1797 2213 2006 2261 similiter

195 2296 313 2344 dixit
341 2297 492 2344 Prom.
530 2296 659 2345 1078
697 2298 957 2358 ἀπέραντον
990 2298 1177 2346 δίκτυον
1216 2298 1354 2354 ἄτης.
1421 2297 1616 2345 Minime
1656 2315 1763 2345 vero
1798 2298 2006 2346 omnium

196 2381 380 2443 elegans
427 2381 542 2428 mihi
585 2380 766 2427 videtur
805 2380 1063 2426 Hermanni
1105 2380 1345 2440 junctura,
1393 2398 1531 2444 quam
1578 2399 1632 2429 eo
1677 2383 1824 2444 magis
1866 2383 2008 2431 miror

195 2466 376 2530 placere
411 2465 455 2512 ei
486 2464 713 2528 potuisse,
761 2480 904 2527 quum
937 2463 1037 2526 ipse
1071 2463 1309 2511 meliorem
1342 2464 1529 2522 viderit,
1579 2483 1744 2529 nempe
1781 2483 1880 2514 eam
1915 2483 2008 2532 qua

196 2553 413 2610 δουλείας
461 2566 544 2612 pro
596 2548 818 2610 adjectivo
869 2548 1122 2604 habeatur;
1174 2549 1298 2596 unde
1349 2549 1462 2596 haec
1512 2551 1563 2596 fit
1613 2551 1859 2598 verborum
1905 2567 2010 2598 con-

196 2635 413 2682 structio:
466 2638 596 2697 μέγα
640 2638 898 2696 γάγγαμον
946 2635 1066 2690 ἄτης
1112 2634 1328 2692 δουλείας
1376 2634 1641 2698 (δουλίας),
1695 2636 1771 2682 cui
1822 2635 2009 2683 additur

197 2736 332 2783 grave
365 2720 453 2766 hoc
485 2719 799 2784 praedicatum
834 2718 1144 2775 παναλώτου,
1181 2718 1300 2764 sicut
1333 2719 1591 2781 Aeschylus
1627 2724 1749 2767 amat
1771 2720 2004 2783 geminare

199 2805 413 2869 epitheta.
478 2803 580 2850 Hac
631 2801 969 2850 constructione
1020 2801 1137 2848 nihil
1187 2806 1255 2848 est
1304 2802 1554 2865 liquidius:
1608 2806 1700 2861 ἄτη
1737 2806 1905 2855 δουλία
1939 2810 2009 2852 est

198 2889 319 2937 idem
370 2889 493 2954 quod
542 2889 735 2938 δουλεία
768 2888 955 2948 εἰτηρά,
1007 2886 1191 2932 exitiosa
1240 2887 1450 2943 servitus,
1510 2887 1629 2935 sicut
1664 2905 1733 2936 ex.
1770 2906 1834 2951 gr.
1871 2891 2009 2954 Soph.

200 2973 360 3022 Trach.
398 2976 490 3021 840
527 2973 690 3022 δολίαν
723 2974 848 3021 ἄταν
880 2970 990 3017 dicit
1035 2986 1118 3033 pro
1154 2971 1290 3020 δόλον
1325 2973 1522 3032 οἷτηρόν,
1571 2973 1797 3020 &vitiosam
1831 2968 2007 3034 (Nessi)

195 3058 426 3119 fraudem;
469 3057 595 3104 idem
646 3055 784 3102 simili
836 3071 974 3102 sensu
1026 3054 1193 3101 dicitur
1246 3055 1365 3101 infra
1414 3073 1478 3103 vs.
1517 3059 1656 3105 1523.
1692 3086 1751 3096 --
1797 3059 2008 3118 δούλειος

203 3146 249 3188 et
282 3142 466 3201 δούλιος
515 3140 774 3205 promiscue
827 3143 1021 3202 usurpat
1071 3143 1238 3186 noster.
1308 3139 1382 3186 Sic
1433 3141 1561 3188 nulla
1606 3147 1673 3189 est
1719 3159 1881 3190 caussa
1927 3160 2008 3191 cur

202 3225 341 3273 verba
372 3229 503 3288 μέγα
534 3227 751 3283 δουλείας
784 3241 867 3288 pro
902 3224 1107 3271 insititiis
1151 3224 1427 3280 habeantur,
1462 3229 1515 3271 ut
1547 3225 1698 3273 visum
1731 3227 2007 3292 Hartungio.

269 3343 347 3390 Vs.
383 3347 490 3392 328.
558 3344 689 3406 Quae
724 3344 940 3407 deinceps
975 3347 1255 3407 sequuntur,
1291 3342 1356 3389 sic
1390 3343 1688 3405 legebantur:

646 3464 739 3509 Δία
772 3479 843 3508 τοι
878 3457 1026 3520 Ξένιον
1057 3461 1210 3519 μέγαν
1244 3459 1463 3518 αἰδοῦμαι

647 3544 725 3589 τὶν
762 3541 880 3589 τάδε
913 3538 1168 3601 πράξαντ’,
1203 3538 1279 3588 ἐπ’
1315 3539 1596 3603 Αλεξάνδρῳ

650 3625 865 3670 τείνοντα
898 3626 1055 3670 πάλαι
1091 3619 1256 3682 τόξον,
1293 3621 1408 3678 ὅπως
1444 3622 1498 3671 ἄν
1800 3685 1803 3689 ¹
