2340 3958
908 186 1380 235 ΑΓΑΜΕΜΝΩΝ.
1979 175 2047 226 43

431 344 545 404 XOJ
572 351 632 423 ὡς
670 347 815 402 πόλλ’
851 349 1080 414 οὶμοουροῖς
1120 349 1174 400 ἐκ
1210 344 1379 416 φρενός
1419 343 1473 410 μ’
1512 343 1802 398 οὶνοιστένειν.

390 467 527 513 .ΚΗ.
572 458 709 512 πόθεν
745 458 799 512 τὸ
839 458 1042 526 δύςφρον.
1075 460 1208 510 τοῦτ’
1245 458 1364 518 ἐπῆν
1398 455 1604 518 στύγοςς
1642 439 1843 522 φροἒσον.

424 578 528 622 ΧΟ.
570 567 730 620 πάλαι
769 567 823 620 τὸ
863 569 1012 630 σιγοῖν
1049 565 1311 635 φοέρμοικον
1352 564 1558 629 βλάβης
1597 562 1715 630 ἔχω.

240 681 342 730 490
421 687 525 746 KH.
570 678 651 730 κοοὶ
692 681 792 736 πῶς
830 675 1050 729 οέπόντων
1087 674 1305 742 κοιράνων
1345 674 1491 740 ἔτρεις
1529 674 1691 738 τινοὲςς

423 797 526 841 XO.
566 789 626 845 ὡς
665 790 743 838 νῦν
782 785 836 838 τὸ
875 785 955 837 σὸν
999 785 1053 845 δὴ
1091 783 1175 836 ux)
1215 785 1368 836 θοινεῖν
1406 785 1567 845 πολλὴ
1603 783 1764 850 χάρις.
1972 805 2049 843 550

421 906 522 951 KH.
569 894 622 950 εὖ
659 896 758 962 γὰρ
796 895 1091 962 πέπροοκτοιι.
1137 894 1303 946 τοούτοὶ
1337 893 1376 945 δ’
1415 895 1462 946 ἐν
1502 896 1667 959 πολλῷ
1705 892 1859 960 χρόνῳ

568 1008 638 1061 τοὶ
675 1007 764 1071 μέν
802 1026 874 1065 τις
913 1004 974 1058 ἂν
1010 1003 1190 1067 λέξειεν
1228 1006 1442 1064 εὐπετῶς
1482 1004 1639 1070 ἔχειν,

571 1120 638 1172 τοὶ
679 1119 718 1171 δ’
758 1115 879 1171 αὖτε
915 1116 1256 1184 κάπίμομφος·
1295 1115 1369 1174 τίς
1409 1115 1457 1167 δὲ
1497 1116 1625 1175 πλὴν
1655 1115 1775 1167 θεῶν

238 1233 343 1282 495
570 1227 754 1282 ἅπαντ’
792 1229 1000 1293 ἀπήμων
1039 1227 1120 1280 τὸν
1158 1227 1215 1279 δι’
1254 1228 1416 1285 οοῖὥνος
1454 1225 1650 1293 χρόνον;

569 1338 780 1406 μόχθους
818 1339 917 1405 γὰρ
956 1339 1000 1401 εἶ,
1033 1338 1227 1402 λέγοιμι
1265 1338 1347 1406 xx)
1389 1336 1665 1410 Bvqxualxqj
1969 1354 2045 1393 555

567 1448 786 1514 σποορνοὲς
824 1447 869 1502 τ’
907 1448 1095 1515 οέρήξεις
1136 1447 1217 1501 κοοὶ
1256 1447 1616 1514 κοοκοβρώτους,
1657 1447 1707 1500 τί
1744 1447 1783 1500 δ’
1815 1450 1866 1501 οὐ

567 1559 838 1621 στένοντες,
879 1560 930 1611 οὐ
969 1557 1202 1618 λοοκόντες
1241 1558 1429 1622 ἤμοοτος
1468 1558 1631 1623 μέρος;

567 1669 635 1722 τοὶ
673 1669 711 1721 δ’
750 1665 870 1722 αὖτε
907 1668 1066 1735 χέρσῳ
1105 1667 1186 1720 καὶ
1227 1675 1396 1734 προςῆν
1434 1668 1580 1722 πλέον
1616 1667 1820 1731 στύγος·

234 1849 286 1889 V.
314 1849 410 1890 498.
439 1850 549 1889 Fort.
573 1847 650 1901 leg.
679 1870 734 1878 —-
763 1850 803 1890 οὐ
830 1850 1002 1894 λαχόντες
1029 1849 1126 1900 ἦμεν
1154 1848 1350 1904 δύςμοροι;

233 1945 282 1985 V.
314 1945 410 1985 499.
442 1945 532 1984 Post
562 1947 671 1986 πλέον
697 1946 828 1997 στύγος
852 1943 941 1983 libri
968 1944 1144 1983 inserunt
1173 1945 1275 1983 hune
1306 1957 1486 1984 versum:

509 2021 608 2061 εὐναὶ
635 2023 712 2075 γὰρ
740 2021 835 2066 ἦσαν
856 2018 963 2064 δηΐων
990 2020 1084 2074 πρὸς
1113 2020 1290 2071 τείχεσιν.

231 2130 282 2171 V.
311 2130 407 2173 487.
435 2129 479 2183 μ’
507 2129 691 2169 omittunt
716 2127 819 2167 libri.
881 2128 976 2167 488.
1009 2129 1140 2180 στύγος
1166 2135 1345 2183 στρατῷ;

1412 2127 1507 2166 490.
1537 2133 1719 2185 τυράννων
1739 2127 1799 2166 Fl.
1866 2130 1962 2170 491.
1996 2130 2042 2171 ὦν

286 2207 355 2244 νῦν.
421 2203 517 2242 492.
546 2203 642 2241 493.
671 2205 797 2243 ταῦτα
833 2200 864 2241 δ’
890 2224 944 2229 -—
969 2204 1021 2242 τὰ
1049 2206 1120 2254 μέν
1146 2217 1205 2246 τις
1234 2201 1274 2241 εὖ
1300 2202 1452 2248 λέξειεν.
1509 2202 1604 2243 497.
1636 2217 1700 2242 σπ.
1719 2204 1904 2259 παρήξεις
1919 2222 1951 2245 κ.
1970 2221 2043 2245 κα-

285 2282 493 2322 κοτρώτους
518 2275 578 2314 Fl.
607 2291 703 2331 παρ.
740 2292 774 2316 κ.
806 2282 1088 2331 κακοστρώτους
1116 2275 1232 2314 Farn.
1289 2276 1386 2315 498.
1416 2277 1456 2315 οὐ
1480 2277 1672 2328 λαχόντες.

284 2431 384 2472 488.
422 2435 534 2473 πόθεν
560 2455 614 2461 -
645 2436 690 2473 τὸ
719 2433 873 2488 δύσφρον
901 2435 979 2474 κτὲ.
1035 2432 1094 2471 Ad

233 2503 324 2546 ἐπῆν
338 2499 470 2552 supple
486 2517 555 2540 σοι.
584 2500 824 2553 Responsum
841 2501 962 2539 Chori
975 2502 1095 2542 πάλαι

232 2571 277 2609 τὸ
305 2574 433 2620 σιγᾶν,
464 2580 582 2620 aeque
611 2581 655 2607 ac
683 2581 800 2620 supra
825 2581 880 2607 vs.
898 2568 950 2607 36
981 2581 1095 2607 excu-

229 2635 364 2674 bitoris
388 2635 530 2675 dictum
545 2667 557 2684 ,
585 2636 726 2676 diserta
747 2635 933 2676 brevitate
954 2638 992 2675 et
1013 2650 1094 2676 me-

228 2703 410 2743 tuendam
425 2704 581 2756 reginae
594 2704 891 2744 dominationem
907 2707 946 2744 et
957 2717 1096 2745 arcana

230 2771 365 2811 domfis
387 2771 531 2825 flagitia
554 2771 707 2812 indicat.

283 2839 490 2880 490—92.
520 2842 581 2881 >ml
607 2849 685 2886 πῶς
712 2845 881 2882 ἀπόντων
903 2845 1091 2897 κοιράνων.

231 2905 290 2946 Ut
323 2907 405 2958 jam
448 2908 600 2960 saepius
637 2909 824 2956 vidimus,
854 2910 918 2948 hic
945 2922 1096 2961 quoque

231 2973 370 3027 plurali
411 2975 648 3027 significatur
687 2989 786 3017 unus
813 2979 1094 3030 Agamemnon.

234 3042 324 3082 Non
349 3043 529 3096 intelligit
543 3043 675 3093 miles,
705 3045 893 3098 quomodo
922 3045 1092 3094 senatui,

233 3106 385 3150 absente
412 3123 526 3164 rege,
556 3112 755 3165 quisquam
774 3113 1000 3154 metuendus
1014 3127 1095 3154 esse

194 3220 199 3224 ‚
234 3178 413 3229 potuerit.
457 3181 578 3234 Reges
605 3181 757 3220 heroica
783 3184 907 3222 aetate
934 3183 1097 3222 timendi

235 3256 351 3296 aeque
381 3259 425 3286 ae
451 3247 663 3288 honorandi
693 3248 875 3289 subditis:
920 3248 1093 3303 exemplo

235 3311 284 3351 sit
322 3312 446 3353 Creon
490 3316 532 3355 in
560 3316 759 3370 Sophoclis
789 3319 881 3358 Ant.
910 3331 964 3357 vs.
996 3319 1092 3359 212.

235 3380 448 3431 Argutatur
469 3381 509 3421 in
534 3383 594 3423 his
623 3385 884 3425 Hermannus.
915 3386 1090 3438 Respon-

234 3446 290 3485 dit
337 3447 509 3488 Chorus:
549 3454 597 3498 ὡς
642 3456 700 3494 νῦν
737 3458 781 3495 τὸ
820 3458 883 3495 σὸν
925 3455 968 3503 δὴ
1011 3456 1088 3496 κτὲ.

238 3515 414 3554 »Tantus
455 3520 538 3557 erat
578 3519 642 3559 ille
680 3528 826 3569 metus,
872 3527 917 3562 ut
958 3536 1089 3569 nunc,

233 3587 365 3634 (quum
407 3586 511 3624 metu
552 3585 624 3627 isto
652 3601 734 3629 sum
764 3588 959 3639 liberatus)
987 3591 1095 3644 quod

1181 2436 1225 2472 tu
1267 2432 1378 2472 modo
1421 2431 1599 2478 dicebas,
1630 2433 1748 2472 etiam
1777 2434 1875 2473 mibi
1892 2434 2043 2485 jucun-

1176 2500 1406 2554 dumfuerz't
1420 2500 1517 2539 mori
1530 2531 1540 2547 ,
1561 2513 1628 2552 np.
1646 2505 1805 2553 propter
1818 2501 2044 2555 gaudium.''

1177 2567 1282 2607 Huic
1311 2568 1410 2607 dicto
1438 2568 1617 2621 congruit
1642 2569 1742 2621 quod
1757 2571 1909 2622 reponit
1925 2571 1962 2609 N
1968 2584 2039 2610 un-

1174 2636 1276 2675 tius:
1307 2635 1348 2677 εὖ
1375 2642 1613 2691 πέπρακται.
1661 2636 1829 2676 ''Merito
1841 2651 1931 2677 sane
1945 2651 2039 2691 gau-

1177 2703 1356 2743 deamus:
1386 2719 1480 2743 nam
1487 2705 1673 2756 feliciter
1696 2710 1859 2757 peracta
1881 2719 1944 2745 res
1967 2711 2045 2751 est.

1176 2785 1407 2824 quamquam
1436 2770 1535 2812 bona
1561 2771 1671 2811 malis
1699 2773 1819 2812 mixta
1845 2773 2044 2815 fuerunt.”

1231 2841 1327 2880 496.
1370 2844 1535 2894 μόχθους
1574 2845 1652 2897 γὰρ
1693 2844 1726 2882 εἰ
1767 2843 1914 2894 λέγοιμι
1956 2845 2038 2886 κτὲ.

1177 2909 1268 2947 Non
1324 2914 1499 2960 spectant
1553 2909 1646 2948 haee
1701 2910 1758 2962 ad:
1798 2910 2040 2951 incommoda

1175 2975 1451 3028 navigationis,
1495 2976 1560 3015 sed
1597 2989 1715 3030 aeque
1756 2990 1799 3017 ae
1841 2979 2038 3030 sequentia

1178 3043 1225 3083 ad
1253 3043 1352 3082 mala
1379 3044 1481 3083 vitae
1508 3045 1725 3086 castrensis.
1768 3045 1944 3086 Primum
1961 3059 2042 3086 me-

1180 3114 1306 3153 morat
1333 3112 1448 3152 duros
1475 3111 1644 3160 labores,
1675 3113 1874 3153 molestam
1893 3113 2041 3154 habita-

1178 3181 1345 3227 tionem,
1388 3179 1533 3220 malum
1573 3180 1753 3233 pabulum
1782 3186 1820 3222 et
1846 3182 1938 3234 quid
1965 3195 2043 3222 non

1175 3252 1231 3300 (τὶ
1258 3248 1288 3289 δ’
1318 3250 1372 3294 οὐ)
1416 3248 1497 3300 ejus
1538 3249 1690 3301 generis
1702 3267 1713 3298 ;
1756 3250 1817 3290 his
1855 3251 2040 3290 accedunt

1174 3317 1273 3356 mala
1303 3321 1342 3357 ἐκ
1371 3321 1534 3373 χέρσου,
1563 3331 1586 3356 e
1610 3321 1740 3366 terra,
1768 3319 1857 3358 h.e.
1874 3318 1988 3358 esolo
2004 3320 2043 3357 et

1174 3384 1276 3424 coelo
1301 3385 1482 3432 oriunda,
1513 3398 1698 3438 vapores,
1729 3386 1878 3439 frigus,
1902 3389 2043 3426 aestus.

1226 3454 1323 3492 499.
1353 3452 1506 3505 Junge:
1553 3458 1605 3495 τὰ
1633 3453 1664 3495 δ’
1695 3454 1787 3496 αὖτε
1817 3457 1881 3504 (ἐν)
1911 3460 2039 3511 χέρσῳ

1174 3524 1235 3562 καὶ
1264 3522 1374 3562 πλέον
1402 3523 1531 3574 στυγος
1558 3532 1709 3578 προς-ἣν.
1733 3529 1862 3579 χέρσῳ
1876 3535 1944 3574 pro
1960 3522 2036 3561 usi-

1171 3592 1250 3630 tato
1280 3592 1342 3631 ἐπὶ
1371 3595 1535 3645 χέρσου,
1566 3592 1607 3632 h.
1633 3605 1667 3631 e.
1706 3595 1768 3632 ἐπὶ
1797 3595 1937 3645 χθονός.
1983 3590 2034 3629 cf.
