2340 3958
852 191 921 237 IN
955 186 1473 236 AGAMEMNONEM.
1975 181 1998 223 1
2008 180 2030 223 l
2041 181 2065 223 9

263 348 370 394 sunt
393 344 549 392 secuti.
603 343 774 390 Contra
810 340 1068 389 defendunt
1102 355 1208 387 eum
1231 337 1481 393 Heathius,
1507 334 1794 382 Wellauerus
1831 334 1876 376 et
1909 344 2076 391 nuper-

263 432 377 478 rime
410 429 705 476 Hermannus
741 426 914 489 Opusc.
949 424 1050 471 Vol.
1087 423 1151 470 ΙΙ.
1185 440 1229 486 p.
1272 422 1331 470 78
1369 426 1414 468 et
1448 421 1498 468 in
1533 422 1685 466 annot.
1722 416 1781 464 ad
1815 416 1859 462 h.
1893 414 1922 461 l.
1981 412 2076 475 Qui

264 518 385 562 recte
423 512 613 578 quidem
659 509 1110 564 animadverterunt,
1145 505 1338 553 Achillis
1373 504 1494 552 Tatii
1527 502 1750 551 indicium
1783 516 1866 564 per
1899 515 1948 545 se
1982 513 2077 544 non

265 599 420 661 magni
443 615 542 646 esse
564 594 804 660 ponderiS,
840 592 923 640 sed
955 592 1111 655 ipsum
1144 605 1329 638 versum
1362 589 1537 636 bonum
1573 603 1670 635 esse
1708 590 1753 633 et
1775 589 1894 632 stare
1917 598 2074 646 posse,

267 700 340 731 me
357 682 534 745 judice,
570 695 664 727 non
686 678 952 743 probarunt.
1004 674 1212 721 Primum
1245 673 1438 720 offendit
1473 672 1679 719 clausula
1714 694 1769 724 τε
1815 675 1934 727 τῶν,
1960 682 2078 730 quae

266 784 358 814 non
409 763 673 813 defenditur
718 759 942 822 exemplis
976 758 1132 822 qualia
1165 761 1274 804 sunt
1307 757 1445 803 haec:
1483 757 1606 819 Sept.
1644 755 1703 802 ad
1737 754 1819 801 Th.
1855 769 1919 799 vs,
1957 755 2075 799 3852

1011 877 1089 925 ὑπ’
1125 876 1321 932 ἀσπίδος
1353 876 1408 924 δὲ
1443 881 1508 934 τῷ

573 963 889 1023 χοιλκῆλοιτοι
923 959 1154 1019 κλάζουσι
1189 956 1387 1012 κώδωνες
1422 955 1587 1016 Φόβον.

263 1079 372 1151 ibid.
407 1094 470 1125 vs.
507 1077 600 1125 472
622 1099 630 1123 ;

576 1176 809 1237 πέμποιμ’
856 1177 911 1227 ἂν
958 1176 1037 1230 ἤδη
1074 1175 1235 1231 τόνδε,
1274 1179 1356 1223 σῦν
1389 1176 1523 1235 τύχῃ
1558 1173 1611 1221 δέ
1645 1192 1726 1233 τῳ.

268 1310 326 1356 In
349 1309 500 1372 priore
525 1306 738 1369 exemplo
772 1308 824 1355 δέ
853 1311 919 1367 τῷ
954 1304 1004 1351 in
1037 1303 1192 1350 media
1227 1303 1456 1350 sententia
1488 1302 1692 1366 positum
1727 1305 1820 1358 est,
1855 1300 1904 1347 in
1940 1300 2082 1347 altero

270 1391 498 1457 emphasis
549 1394 619 1438 est
669 1390 719 1437 in
769 1409 833 1451 τῳ
877 1390 1010 1450 (τινί)
1059 1386 1259 1451 ideoque
1300 1390 1424 1434 recte
1469 1386 1519 1432 in
1552 1387 1642 1432 fine
1691 1386 1953 1433 collocatur.
2022 1386 2085 1432 At

269 1482 506 1543 praeterea
549 1475 688 1523 verba
733 1478 785 1521 ut
820 1472 1020 1537 aliquem
1054 1488 1242 1519 sensum
1275 1471 1520 1528 haberent,
1557 1471 1622 1518 sic
1656 1470 1877 1519 vertenda
1909 1471 2083 1518 forent:

269 1563 416 1610 sidera
446 1560 570 1616 novi,
604 1558 774 1622 quando
802 1558 1004 1605 occidant
1038 1572 1266 1620 eorumque
1305 1558 1456 1613 ortus,
1491 1556 1533 1602 h.
1571 1572 1609 1603 e.
1651 1560 1694 1603 et
1728 1556 1898 1619 quando
1939 1557 2085 1604 orian-

269 1651 357 1694 tur.
423 1643 567 1708 Atqui
600 1643 689 1689 hoc
722 1657 862 1689 sensu
894 1642 1010 1692 ὅταν
1045 1639 1371 1702 interrogative
1406 1655 1499 1686 non
1539 1639 1740 1702 ponitur.
1811 1640 2084 1704 Copulanda

270 1729 411 1791 igitur
463 1727 614 1774 forent
665 1741 771 1772 cum
821 1723 1101 1787 praegressis
1152 1723 1327 1770 scilicet
1377 1723 1470 1769 sic:
1529 1724 1765 1785 Φέροντας
1799 1731 1957 1786 χεῖμα
2003 1732 2084 1776 καὶ

271 1818 390 1873 θέρος
432 1812 643 1872 βρότοις,
686 1809 800 1858 δ’τειν
846 1809 1056 1870 Φθίνωσιν
1092 1808 1304 1865 ἀντολῑις
1340 1828 1396 1857 τε
1431 1815 1551 1866 τῶν,
1584 1823 1669 1871 pro
1703 1814 1786 1858 κιιῖ
1820 1809 1934 1858 δ’τοιν
1968 1811 2084 1860 ἄνοι’

270 1902 526 1948 τέλλωσιν.
595 1892 736 1956 Quod
787 1908 896 1939 sane
946 1891 1212 1939 absurdum.
1280 1891 1446 1955 Itaque
1491 1907 1698 1954 pannum
1733 1892 1846 1939 haee
1881 1910 1981 1941 esse
2018 1895 2086 1941 in-

269 1981 373 2042 epte
423 1977 664 2034 adsutum,
726 1992 862 2023 nemo
924 1992 1020 2023 non
1083 1979 1313 2038 agnoscat.
1387 1975 1553 2023 Deleto
1612 1977 1700 2023 hoc
1752 1993 1888 2024 versu
1927 1978 2086 2040 pulcre

270 2060 500 2108 clauditur
533 2061 822 2108 enuntiatum
857 2059 1114 2124 splendidis
1165 2060 1237 2107 his
1288 2059 1467 2107 verbis:
1518 2067 1768 2123 λαμπροὺς
1818 2063 2082 2121 δυνάσταις,

269 2146 596 2208 ἐμπρέποντας
642 2150 798 2209 αἰθέρι.
867 2145 1110 2193 Probabile
1147 2150 1216 2193 est
1249 2146 1622 2204 versificatorem,
1678 2163 1823 2210 quum
1858 2146 1917 2193 ad
1951 2148 2087 2196 δυνά-

270 2249 391 2288 σταις
427 2234 696 2277 annotatum
730 2230 975 2294 reperisset
1009 2232 1241 2293 ἀστέρας,
1292 2230 1402 2278 inde
1443 2231 1723 2278 versiculum
1759 2230 2084 2286 concinnasse,

277 2311 469 2360 ductum
502 2314 693 2361 fortasse
728 2330 752 2360 e
786 2314 936 2361 Prom.
972 2331 1036 2362 vs,
1078 2314 1203 2362 457:

997 2435 1105 2491 ἕςτε
1137 2435 1193 2489 δή
1227 2435 1339 2494 σΦιν
1375 2437 1588 2492 ἀντολὰς
1622 2437 1716 2497 ἐγὼ

678 2517 854 2576 ἄστρων
888 2516 1050 2578 ἔδειξα
1085 2522 1177 2574 τάς
1213 2537 1271 2566 τε
1305 2519 1574 2579 δυςκρίτους
1607 2520 1775 2576 δύσεις.

337 2642 414 2690 Vs.
452 2647 477 2690 9
515 2661 579 2708 sq.
615 2645 680 2691 sic
715 2645 806 2707 legi
841 2646 979 2694 solet:

1169 2731 1253 2782 ὧδε
1287 2738 1375 2793 γὰρ
1413 2736 1584 2792 κρατεῖ

650 2817 867 2872 γυναικὸς
903 2813 1210 2874 ἀνδρόβουλον
1245 2813 1439 2875 ἐλπίζον
1472 2810 1602 2872 neap-⁵

273 2937 442 2984 Parum
508 2943 663 2987 tamen
729 2942 1051 3005 probabiliter,
1115 2946 1168 2989 ut
1224 2941 1445 2989 arbitror:
1515 2957 1622 2989 nam
1674 2946 1719 2989 et
1769 2942 1884 2991 dura
1934 2945 2087 2994 admo-

277 3021 388 3069 dum
432 3027 500 3070 est
549 3025 793 3072 verborum
837 3027 1072 3088 junctura,
1117 3025 1388 3089 praesertim
1421 3025 1650 3090 participii
1686 3027 1907 3090 ἐλπίζον,
1959 3030 2086 3093 quod

275 3121 433 3153 vereor
476 3124 534 3154 ne
579 3125 673 3156 non
718 3110 888 3157 rectius
939 3127 1100 3173 graece
1148 3110 1214 3157 sic
1250 3109 1430 3157 dicatur
1464 3127 1603 3174 quam
1637 3110 1676 3157 si
1710 3112 1850 3159 latine
1886 3112 2085 3161 diceres:

278 3189 340 3236 sic
362 3191 485 3252 jabet
516 3194 711 3240 mulieris
743 3210 922 3256 speram
956 3212 1057 3250 σονς
1090 3211 1241 3258 neque
1276 3211 1438 3242 sensus
1473 3196 1750 3243 conveniens
1785 3202 1866 3246 est.
1934 3199 2087 3246 Verba

280 3293 444 3342 nempe
476 3281 563 3328 hoc
597 3283 933 3345 significarent:
972 3284 1078 3342 „sic
1113 3286 1297 3347 (nempe
1332 3284 1520 3346 vigilare
1555 3287 1646 3347 me)
1676 3285 1809 3346 jubet
1842 3285 2089 3348 imperiosa

282 3361 467 3420 mulier,
513 3365 652 3414 animi
687 3384 767 3431 spe
803 3368 985 3416 ducta.''
1052 3368 1115 3415 At
1148 3373 1341 3429 xpm-5721
1374 3384 1470 3415 non
1503 3369 1774 3432 simpliciter
1809 3373 1878 3416 est
1901 3370 2086 3430 jubere,

283 3444 364 3492 sed
396 3447 610 3508 imperare
641 3451 773 3499 victis
806 3452 881 3500 vel
913 3453 959 3499 vi
992 3467 1141 3515 cogere
1175 3455 1482 3500 contumaces.
1548 3452 1654 3499 Hoc
1697 3457 1851 3500 autem
1886 3452 2089 3499 alienum

283 3529 340 3576 ab
384 3530 569 3593 ingenio
611 3534 748 3595 hujus
791 3535 977 3592 famuli,
1023 3535 1127 3599 qui,
1174 3551 1453 3599 quamquam
1486 3536 1665 3583 labores
1699 3540 1960 3600 peitaeS11S‚
1996 3550 2089 3581 non

282 3618 436 3662 tamen
480 3615 649 3664 invitus
695 3623 740 3665 et
785 3624 970 3667 coactus
1016 3620 1152 3667 herae
1182 3619 1314 3681 jussa
1367 3621 1646 3684 exsequitur.
1714 3621 1855 3667 Porro
1891 3619 2003 3683 quid
2037 3618 2087 3664 in
