2340 3958
895 147 1351 196 ΑΓΑΜΕΜΝΩΝ
1969 148 2035 197 33

630 304 758 364 θεοὺς
795 304 975 373 βροτῶν
1013 305 1257 369 ἀξιοῦσθαι
1298 307 1463 372 μέλειν

1959 324 2038 366 370

746 411 867 474 ὅσοις
906 416 1112 470 οέθίκτων
1148 416 1295 484 χαρις

742 526 956 579 πατοῖθ’·
996 528 1018 579 ὃ
1057 527 1096 578 δ’
1120 525 1218 579 ὀὐκ
1256 526 1479 590 εὐσεβής.

818 633 1071 701 πέφανται
1112 634 1151 684 δ’
1189 635 1396 696 ἐγγενὴς

227 741 331 789 340

817 744 1107 806 ἀτολμήτων
1129 743 1281 810 ’Ἀρης
1296 787 1310 805 ,

1964 760 2044 803 375

672 851 905 905 πνεόντων
942 852 1106 918 μεῖζον
1146 853 1173 914 ἢ
1209 853 1397 913 δικαίως

669 961 917 1028 φλεόντων
955 962 1189 1027 δωμάτων
1229 962 1375 1029 ὑπὲρ,
1416 968 1542 1031 φεῦ,

370 1070 483 1136 ὑπὲρ
522 1069 577 1122 τὸ
616 1070 890 1134 βέλτιστον.
938 1071 1061 1126 ἔστω
1102 1073 1141 1124 δ’
1179 1073 1469 1137 ἀπήμαντον
1506 1071 1630 1125 ὥστε
1668 1074 1934 1142 κοέπαρκεῖν

747 1181 799 1235 εὖ
838 1183 1086 1250 πραπίδων
1123 1184 1370 1250 λαχόντα.

229 1292 332 1342 345

1967 1201 2047 1239 380

753 1293 804 1344 οὐ
843 1293 941 1360 γαρ
981 1292 1109 1346 ἔστιν
1147 1292 1350 1354 ἔπαλξις

231 1492 282 1532 V.
312 1492 545 1532 339—341.
594 1500 781 1549 πέφανται
822 1496 855 1534 δ’
898 1500 1062 1549 ἐγγόνους
1101 1498 1327 1549 ἀτολμήτων
1371 1500 1449 1551 ἅρη
1493 1500 1681 1536 πνεόντων.
1751 1496 1844 1535 342.
1878 1500 2053 1555 ὑπέρφευ.

288 1566 382 1606 343.
404 1563 488 1613 ὥςτ’
514 1570 704 1623 ἀπαρκεῖν
728 1567 791 1608 ΕΙ.

287 1711 382 1754 337.
412 1714 510 1759 ὅσοις
523 1714 686 1754 ἀθίκτων
700 1714 924 1769 χάριςζπατ.
946 1714 1103 1766 Spectat

231 1779 305 1820 hoo
331 1779 379 1820 ad
407 1779 587 1820 violatam
628 1793 650 1819 a
688 1781 828 1820 Paride
865 1781 1102 1821 matrimonii

232 1847 488 1888 sanctitatem.
519 1851 660 1891 ἄθικτα
673 1880 686 1902 ,
713 1862 790 1889 non
806 1850 1005 1902 tanqenda
1027 1850 1100 1888 Ve-

232 1927 326 1963 nus,
370 1916 415 1955 ut
447 1915 649 1968 Euripides
681 1916 843 1970 Hippol.
876 1918 955 1957 650
984 1916 1098 1956 dicit:

234 1985 411 2040 (πατρὸςδ
441 1986 605 2040 λέκτρων
631 1988 791 2026 ἀθίκτων
819 1986 927 2032 ἦλθες
946 1989 999 2033 εἰς
1017 1987 1100 2033 ξυν-

236 2053 418 2105 αλλαγάς.
477 2053 676 2106 Significat
709 2066 826 2106 ergo:
856 2055 995 2107 quibus
1023 2067 1102 2094 non

235 2122 458 2173 tanqendae
504 2121 665 2161 Veneris
689 2126 736 2171 (s.
766 2121 924 2162 alienae
951 2123 1101 2171 uxoris)

226 2191 307 2244 flos
335 2189 538 2234 calcatum
566 2189 608 2230 h.
625 2202 659 2229 e.
686 2189 753 2241 qui
773 2188 926 2229 illicitae
941 2189 1102 2229 Veneris

235 2256 373 2310 gaudio
411 2255 619 2297 insolenter
656 2257 856 2298 fruuntur.
913 2257 1015 2297 Nolo
1042 2260 1101 2297 ta-

235 2337 326 2365 men
367 2324 630 2373 dissimulare,
684 2332 848 2368 πατοῐτο
888 2325 986 2364 mihi
1025 2338 1104 2364 non

236 2392 346 2434 valde
373 2392 546 2446 placere3
585 2393 713 2446 aptius
740 2393 813 2432 hoc
841 2392 1031 2432 diceretur
1059 2392 1106 2431 de

236 2460 343 2501 illata
383 2460 422 2500 vi
460 2460 538 2501 sive
580 2463 714 2514 stupro
754 2474 869 2512 quam
903 2460 949 2499 de
977 2473 1107 2500 amore

236 2529 370 2570 illicito
411 2528 591 2581 quidem,
623 2542 702 2568 non
743 2531 874 2568 tamen
915 2541 985 2581 per
1027 2527 1106 2568 vim

238 2599 405 2639 extorto.
470 2596 607 2636 Sensui
649 2596 937 2636 convenientius
978 2596 1103 2643 foret,

238 2664 398 2719 opinor,
442 2667 540 2711 ὅσοις
578 2666 741 2706 ἀθίκτων
778 2668 896 2719 χάρις
937 2663 1104 2717 ποθοῖτ’,

239 2734 308 2788 qui
334 2733 500 2773 illicitos
527 2745 677 2772 amore-5
705 2734 996 2785 concupiscant.

295 2802 391 2842 339.
421 2806 608 2856 πέφανται
638 2801 668 2841 δ’
685 2805 831 2854 ἐγγενὴς
856 2803 934 2842 κτὲ.
977 2800 1107 2840 Inter-

239 2869 466 2923 pretationis
490 2869 613 2909 instar
636 2874 726 2909 sunt
741 2882 837 2921 quae
853 2869 1033 2908 dicuntur
1047 2868 1107 2908 in-

240 2938 302 2978 fra
320 2938 399 2981 758
416 2950 501 2989 sqq.
530 2940 576 2978 τὸ
606 2938 786 2992 δυσσεβὲς
803 2941 881 2993 γὰρ
902 2940 1008 2992 ἔργον
1025 2938 1106 2978 κτλ.

244 3005 308 3046 cf.
338 3005 558 3045 Comment.

299 3074 393 3114 343.
424 3077 521 3116 ἔστω
544 3074 578 3114 δ’
595 3077 666 3114 ἀπ.
709 3073 795 3112 Duo
812 3075 918 3119 orat,
938 3077 1113 3130 ἐπαρκεῖν

248 3145 467 3194 ἀπήμαντόν
488 3159 532 3184 τε
557 3144 620 3184 καὶ
641 3140 683 3182 εὖ
699 3144 914 3197 φρονοῦντα.
945 3142 1009 3181 Sic
1025 3143 1109 3182 Ho-

248 3209 366 3248 ratius
393 3210 471 3250 Od.
500 3210 545 3257 Ι,
577 3210 653 3248 31:

305 3276 401 3316 Frui
419 3278 579 3329 paratis
606 3282 646 3317 et
672 3278 806 3317 valido
833 3277 954 3325 mihi,

303 3344 447 3392 Lamo,
475 3347 594 3386 dones
623 3350 663 3385 et
691 3347 859 3400 (precor)
887 3346 1043 3398 inteqra

310 3412 402 3451 Cum
428 3418 568 3453 mente.

252 3478 292 3520 εὖ
319 3480 516 3534 πραπίδων
542 3483 722 3535 λαχόντα.
768 3480 953 3521 Similiter
972 3479 1112 3532 lyricus

250 3550 362 3600 poeta
390 3548 490 3600 apud
515 3549 712 3592 Plutarch.
743 3550 849 3590 Mor.
875 3563 915 3601 p.
943 3550 1021 3589 504
1052 3551 1110 3587 D:

1185 1718 1346 1754 κάκεῖνον
1375 1717 1453 1768 γὰρ
1483 1716 1557 1766 ἐγώ
1584 1730 1683 1768 φαμι
1703 1716 1940 1768 ἰοπλοκάμων
1957 1725 2056 1757 Μοι-

1187 1789 1255 1821 σᾶν
1282 1782 1323 1822 εὖ
1351 1783 1493 1835 λαχεῖν.

1238 1850 1333 1889 345.
1377 1852 1417 1891 οὐ
1458 1853 1535 1904 γάρ
1577 1853 1677 1890 ἐστιν
1717 1852 1871 1898 ἔπαλξις
1907 1874 1962 1881 --
2004 1854 2056 1898 εἰς

1186 1921 1382 1972 ἀφάνειαν.
1419 1918 1660 1970 interpretes
1686 1917 1780 1958 haec
1799 1919 1854 1958 ita
1878 1922 2055 1959 vertunt:

1186 1986 1300 2037 “Qui
1342 1984 1515 2037 justitiae
1565 1997 1671 2024 aram
1713 1985 1923 2026 insolenter
1965 1999 2055 2040 pro-

1182 2052 1411 2100 culcaverit,
1456 2052 1490 2092 ei
1535 2052 1684 2092 nullum
1713 2057 1770 2093 est
1798 2067 1915 2107 opum
1943 2067 2055 2107 prae-

1184 2121 1323 2160 sidium
1367 2121 1548 2161 adversus
1594 2121 1775 2169 exitium,
1819 2122 1900 2162 sive
1942 2124 2058 2174 (quod

1186 2189 1317 2228 eodem
1365 2189 1478 2237 redit)
1521 2189 1569 2228 ad
1608 2188 1909 2241 propulsandum
1937 2190 2058 2230 inter-

1183 2256 1324 2297 itum.”
1367 2257 1504 2310 Itaque
1530 2260 1583 2304 εἰς
1604 2261 1784 2312 ἀφάνειαν
1797 2258 2057 2311 interpretan-

1184 2327 1249 2365 tur
1274 2330 1412 2365 contra
1439 2326 1626 2373 exitium,
1658 2334 1696 2366 et
1716 2329 1812 2381 πρὸς
1832 2331 1939 2382 κόρον
1965 2340 2056 2367 con-

1185 2396 1346 2433 struunt
1390 2406 1479 2432 cum
1525 2396 1773 2447 λακτίσαντι,
1829 2407 1904 2446 quo
1946 2408 2059 2435 sensu

1187 2461 1327 2501 dicitur
1368 2465 1464 2519 πρὸς
1510 2464 1643 2517 ὀργήν,
1686 2465 1780 2519 πρὸς
1816 2465 1932 2517 βίαν,
1964 2466 2059 2519 πρὸς

1187 2529 1332 2577 ἡδονήν.
1377 2529 1654 2581 Interpretatio
1678 2543 1769 2569 vero
1796 2531 1889 2569 haec
1903 2531 2060 2583 probari

1189 2609 1268 2636 non
1296 2598 1436 2650 potest.
1476 2595 1655 2635 Primum
1684 2599 1736 2643 εἰς
1763 2610 1841 2636 non
1869 2597 2060 2649 significat

1192 2668 1329 2703 contra
1344 2681 1359 2710 ;
1388 2663 1524 2703 deinde
1550 2668 1712 2718 ἀφάνεια
1739 2667 1796 2704 est
1822 2666 2058 2714 occultatio,

1189 2732 1431 2779 obscuritas,
1488 2744 1563 2784 quo
1615 2745 1727 2772 sensu
1776 2732 1918 2785 legitur
1959 2734 2061 2787 apud

1190 2799 1305 2839 Pind.
1350 2799 1493 2839 Isthm.
1538 2799 1634 2846 III,
1677 2800 1731 2838 49
1776 2799 1978 2849 (Bocckh.)
2023 2805 2062 2840 et

1190 2867 1364 2919 Thucyd.
1390 2867 1461 2906 ΙΙΙ
1473 2898 1484 2915 ,
1503 2867 1553 2910 37
1565 2884 1576 2914 ;
1604 2880 1699 2907 num
1718 2880 1788 2920 pro
1804 2869 1927 2908 exitio
1941 2869 2062 2922 accipi

1190 2935 1312 2989 possit
1340 2934 1448 2974 valde
1481 2933 1746 2976 dubitandum.
1804 2936 1902 2976 'rum
1931 2941 2062 2977 coacta

1192 3006 1250 3043 est
1271 3003 1456 3054 junctura
1494 3015 1568 3054 qua
1605 3007 1700 3059 πρὸς
1729 3009 1837 3060 κόρον
1862 3009 2060 3045 construa—

1190 3074 1258 3111 tur
1292 3084 1379 3110 cum
1407 3073 1640 3113 λακτίσαντι.
1700 3072 1898 3112 Facillime,
1926 3073 2062 3114 verbo-

1193 3151 1282 3178 rum
1313 3138 1548 3178 constructio
1575 3140 1669 3178 haec
1697 3142 1777 3187 est,
1821 3153 1895 3192 qua
1918 3140 2062 3194 junga-

1192 3209 1259 3246 tur
1303 3207 1460 3253 ἔπαλξις
1505 3209 1599 3262 πρὸς
1644 3212 1774 3263 κόρον,
1818 3209 2062 3260 praesidium

1194 3276 1380 3315 adversus
1405 3275 1673 3315 insolentium.
1708 3279 1759 3322 εἰς
1786 3280 1967 3331 ἀφάνειαν
1993 3290 2060 3316 au-

1193 3344 1273 3381 tem
1308 3343 1419 3382 notat
1457 3341 1559 3382 idem
1600 3343 1701 3394 quod
1740 3347 1793 3390 εἰς
1822 3345 1977 3401 κρύψιν,
2010 3348 2061 3391 εἰς

1196 3416 1457 3466 κατακρυφήν,
1488 3411 1544 3450 ad
1563 3412 1836 3452 occultandum
1858 3413 1919 3452 vel
1933 3415 1988 3453 ad
2000 3415 2060 3452 la-

1195 3479 1376 3526 tendum,
1402 3478 1502 3530 quod
1524 3478 1556 3518 si
1578 3492 1666 3519 eum
1691 3482 1848 3528 ἔπαλξις
1862 3484 2060 3520 construa-

1195 3550 1281 3594 tur,
1303 3545 1555 3598 significabit:
1589 3560 1688 3587 anon
1704 3549 1778 3588 erit
1791 3561 2060 3601 propugnacu-

1833 3628 1857 3670 ὃ
