2340 3958
495 896 1346 961 COMMENTARIUS
1420 891 1919 955 CRITICUS

1172 1104 1230 1136 IN

786 1263 1636 1328 AGAMEMNONEM.

374 1828 449 1875 Vs.
489 1831 528 1876 1.
567 1844 662 1892 sqq.
698 1827 834 1888 vulgo
871 1827 936 1874 sic
971 1827 1211 1888 leguntur:

649 1951 796 2004 Θεοῦς
831 1953 914 2005 μὲν
951 1949 1067 1996 xiva
1105 1943 1237 1996 τῶνδ’
1275 1947 1574 2007 ιἰποιλλοιγῆν
1610 1946 1750 1994 πόνων

654 2028 851 2087 Φρουρῖις
885 2029 1046 2085 ἐτείοις
1079 2034 1248 2087 μῆκος,
1287 2025 1334 2081 ἢν
1367 2026 1645 2086 κοιμώμενος

646 2111 844 2169 στέγοιις
876 2106 1126 2168 Ἀτρειδῶν
1156 2109 1386 2168 ἄγκαθεν,
1422 2111 1552 2163 κυνὸς
1585 2106 1737 2161 δίκην,

648 2191 826 2249 ἄστρων
860 2190 1065 2238 xciv-oasa
1097 2192 1322 2249 νυκτέρων
1356 2191 1571 2249 ὁμήγυριν
1606 2187 1708 2235 κτέ.

308 2318 460 2366 Verba
509 2318 705 2379 Φρουρῖις
758 2320 917 2375 ἐτείοις
963 2322 1103 2378 μῆκος
1151 2317 1197 2374 ἓν
1243 2339 1289 2368 κ.
1345 2317 1543 2364 multum
1580 2316 1818 2363 molestiae
1862 2316 2119 2380 interpreti-

308 2404 397 2450 bus
445 2403 678 2450 fecerunt:
729 2402 1098 2467 quibuscumque
1151 2418 1204 2449 ea
1253 2402 1404 2448 modis
1442 2402 1723 2460 versaveris,
1777 2401 1954 2448 nullam
1996 2401 2120 2448 inve-

310 2488 410 2535 nies
457 2487 810 2551 explicationem
826 2525 838 2544 ‚
907 2502 1024 2550 quae
1083 2485 1351 2548 diligentius
1407 2486 1717 2534 consideranti
1772 2486 1998 2550 placitura
2048 2485 2119 2533 sit.

311 2572 646 2620 Grammaticae
698 2572 863 2619 rationi
917 2571 1196 2619 conveniens
1247 2576 1316 2618 est
1367 2587 1422 2618 ea
1455 2571 1701 2635 explicatio
1718 2610 1730 2629 ‚
1779 2586 1871 2635 qua
1919 2571 2119 2632 φρουρᾶς

312 2657 469 2713 ἐτείοις
519 2657 742 2704 habeatur
796 2655 1023 2719 appositio
1080 2656 1323 2703 verborum
1375 2657 1521 2706 τῶνδε
1562 2657 1737 2713 πόνων,
1792 2659 1929 2720 atque
1980 2657 2120 2714 μῆκος

312 2739 541 2801 adjectum
589 2740 649 2787 sit
695 2740 919 2788 vocabulo
970 2741 1130 2798 ἐτείοις
1146 2779 1160 2797 ,
1212 2740 1416 2787 excubiae
1463 2741 1734 2803 Zonyitudine
1779 2754 1961 2787 annuae,
2029 2735 2123 2783 Sed

313 2840 420 2872 cum
469 2825 688 2888 languide
735 2825 823 2872 hoc
875 2824 1087 2872 additum
1135 2829 1204 2872 est
1220 2863 1232 2882 ,
1282 2828 1384 2872 tum
1425 2841 1520 2873 non
1560 2828 1720 2889 aptum
1752 2823 1873 2888 parit
1906 2836 2122 2870 sensum:

313 2926 408 2958 non
456 2910 652 2958 custodia
702 2910 970 2972 longitudine
1002 2926 1149 2956 annua
1181 2908 1307 2956 idem
1340 2913 1411 2957 est
1443 2909 1570 2973 quod
1601 2909 1730 2956 nnius
1763 2910 1870 2958 anni
1902 2905 2125 2955 cast-odia.-

316 2994 544 3058 siquidem
594 2993 806 3041 additum
839 2998 983 3055 μῆκος
1019 2993 1180 3041 definit
1213 2994 1416 3057 spatium
1449 2993 1577 3041 verbi
1611 2995 1785 3052 ἐτείοις.
1852 2992 1915 3040 At
1964 3004 2125 3055 specu-

316 3078 433 3124 lator
463 3077 542 3125 ille
574 3094 668 3125 non
701 3093 848 3124 unum
882 3078 1149 3139 vigilaverat
1184 3093 1358 3125 annum
1375 3115 1387 3135 ,
1427 3078 1511 3125 sed
1544 3077 1702 3142 plures
1735 3093 1880 3124 annos
1897 3115 1909 3134 ‚
1948 3079 2002 3123 ut
2023 3090 2126 3139 pro-

320 3161 432 3208 ximi
479 3178 637 3210 versus
688 3165 843 3226 aperte
887 3161 1108 3210 indicant.
1176 3163 1349 3210 Sensus
1384 3162 1526 3225 igitur
1558 3162 1763 3211 construi
1796 3159 1946 3226 poscit
1982 3145 2123 3220 μῆκος

322 3246 516 3307 Φρουρῖις
549 3248 731 3306 ἐτείκς,
782 3247 1093 3309 lonqitadinem
1142 3263 1311 3294 annuae
1359 3247 1607 3304 custodiae,
1655 3247 1699 3294 h.
1751 3263 1790 3295 e.
1827 3245 1962 3301 talis,
1996 3242 2127 3303 cujus

326 3328 520 3390 spatium
568 3347 661 3378 non
701 3331 865 3378 diebus
903 3331 978 3378 vel
1015 3331 1252 3378 mensibus
1269 3369 1281 3388 ‚
1324 3331 1407 3378 sed
1440 3331 1572 3379 annis
1606 3335 1910 3395 computetur.
1977 3327 2128 3389 Quae-

325 3411 438 3459 ritur
454 3450 466 3470 ‚
498 3414 622 3462 unde
655 3417 942 3464 accusativus
976 3416 1189 3481 pendeat.
1257 3416 1466 3479 Linguae
1500 3418 1615 3464 ratio
1650 3433 1743 3464 non
1778 3416 1888 3464 sinit
1923 3411 2127 3462 construi

327 3496 392 3542 sic
425 3500 477 3544 ut
509 3498 616 3545 facit
647 3501 786 3549 schol.
811 3502 1094 3565 approbante
1128 3501 1407 3548 Abrcschio:
1445 3505 1588 3551 πόνων
1618 3508 1712 3551 τῶν
1741 3507 1872 3551 κοιτίι
1899 3505 1954 3549 τὸ
1981 3500 2123 3558 μῆκος

330 3583 411 3636 τῆς
446 3581 601 3640 ἐτείοις
635 3584 859 3646 Φρουρᾶςς
909 3602 996 3632 nec
1045 3600 1208 3631 sensus
1248 3584 1335 3631 fert
1369 3587 1510 3644 μῆκος
1546 3589 1598 3631 ut
1644 3584 1956 3631 accusativum
1990 3579 2126 3643 spatii

324 3663 457 3723 jungi
491 3679 595 3711 cum
632 3667 754 3723 Θεοῦς
789 3671 905 3720 οιῖτῶ
925 3710 937 3726 ,
983 3686 1068 3730 per
1102 3686 1270 3715 annuae
1305 3669 1479 3731 viffiliae
1512 3669 1701 3729 §patiam
1734 3685 1809 3715 oro
1844 3668 1943 3715 deos
1977 3668 2127 3714 horum
