2340 3958
907 193 1376 242 ΑΓΑΜΕΜΝΩΝ.
1982 185 2009 233 7
2019 183 2047 231 5

955 470 1337 517 ΚΑΣΛΝΔΡΑ.

699 681 949 735 Ὀτοτοτοῖ
981 687 1114 734 τοτοῖ
1147 681 1225 734 302.
1892 710 1977 748 στρ.
1999 692 2048 734 α’.

235 795 338 845 970
716 791 954 853 ὤπολλον,
994 790 1220 842 ὤπολλον.

414 911 518 954 XO.
557 900 607 953 τί
615 974 617 979 y
647 903 783 953 τοῦτ’
814 898 1125 962 ἀνωτότυξας
1163 899 1301 966 ἀμφὶ
1340 897 1547 960 Λοξίους

557 1012 607 1063 οὐ
646 1010 744 1077 γαρ
782 1015 988 1069 τοιοῦτος
1027 1008 1150 1062 ὥστε
1189 1010 1406 1076 θρηνητοῦ
1444 1012 1632 1073 τυχεῖν.
1943 1020 2047 1064 1075

412 1127 518 1172 KA.
705 1122 919 1173 ὀτοτοτοῖ
951 1125 1086 1173 τοτοῖ
1120 1119 1196 1171 δοῖ.
1895 1136 1975 1171 ἀντ.
1995 1129 2048 1170 α’.

713 1231 957 1294 ὤπολλον,
997 1231 1222 1284 ὤπολλον.

229 1344 334 1394 975
412 1349 519 1394 ΧΟ.
562 1343 589 1402 ἡ
627 1338 666 1392 δ’
706 1337 826 1393 αὖτε
865 1340 1187 1406 δυςφημοῦσα
1222 1339 1303 1392 τὸν
1342 1338 1440 1391 θεὸν
1478 1343 1627 1391 καλεῖ

559 1450 686 1503 οὐδὲν
723 1449 990 1516 προςήκοντ’
1030 1451 1079 1502 ἐν
1117 1450 1246 1513 γόοις
1286 1453 1637 1516 παραστατεῖν.
1944 1462 2048 1503 1079

409 1571 513 1616 KA.
697 1563 950 1616 ’Ἄπολλον
973 1606 987 1624 ,
1023 1562 1274 1615 ’Ἄπολλον
1885 1590 1969 1628 στρ.
1987 1571 2044 1626 β’.

703 1674 923 1734 ἀγυιᾶτ’,
963 1669 1220 1725 Ἀπόλλων
1259 1671 1397 1736 ἐμός·

553 1781 819 1840 ἀπώλεσας
857 1781 956 1848 γαρ
989 1780 1043 1846 μ’
1085 1783 1137 1835 οὐ
1175 1782 1316 1846 μόλις
1354 1781 1408 1834 τὸ
1447 1781 1674 1846 δεύτερον.

223 1894 326 1945 980
404 1900 512 1946 ΧΟ.
552 1892 750 1958 χρήσειν
789 1891 932 1944 ἔοικεν
971 1891 1108 1960 ἀμφὶ
1148 1895 1240 1945 τῶν
1279 1892 1431 1953 αὐτῆς
1473 1894 1645 1943 κακῶν.

553 2002 684 2066 μένει
722 2002 776 2055 τὸ
815 2002 931 2054 θεῖον
970 2002 1133 2070 δουλίᾳ
1178 2023 1266 2068 περ
1304 2003 1351 2054 ἐν
1389 2001 1542 2070 φρενί.
1940 2017 2046 2056 1084

404 2122 509 2167 KA.
692 2113 944 2167 ’Ἄπολλον
960 2158 974 2176 ,
1010 2114 1263 2167 ’Ἄπολλον
1887 2134 1970 2170 ἀντ.
1988 2128 2042 2182 β’.

699 2225 920 2286 ἀγυιᾶτ’,
962 2223 1219 2277 Ἀπόλλων
1257 2222 1394 2288 ἐμός·

551 2328 616 2396 οἶ,
656 2341 742 2388 ποῖ
774 2338 882 2389 ποτ’
924 2336 1116 2400 ἤγαγές
1156 2357 1247 2401 ,αες
1284 2336 1398 2403 πρὸς
1437 2335 1578 2388 ποίαν
1616 2335 1824 2397 στέγηνς

219 2446 323 2496 985
403 2453 510 2499 ΧΟ.
551 2446 665 2512 πρὸς
702 2447 789 2508 τὴν
826 2447 1105 2514 Ἀτρειδῶν·
1146 2449 1186 2501 εἰ
1225 2448 1285 2501 σὺ
1324 2448 1394 2511 μὴ
1431 2444 1528 2499 τόδ’
1567 2447 1755 2504 ἐννοεῖς,

549 2556 646 2619 ἐγὼ
682 2557 815 2620 λέγω
854 2578 950 2622 σοι,
989 2558 1071 2611 καὶ
1114 2558 1223 2612 ταδ’
1260 2559 1345 2612 οὐκ
1383 2558 1500 2624 ἐρεῖς
1538 2556 1679 2622 ψύθη.
1934 2558 2042 2611 1089

221 2770 272 2812 V.
302 2771 383 2812 969
412 2784 470 2824 sq.
499 2774 538 2811 et
566 2773 646 2815 973
675 2787 733 2826 sq.
763 2778 980 2817 ὀτοτοτοτοῖ
1011 2783 1126 2817 ποποῖ
1162 2776 1222 2816 δᾶ.
1256 2778 1417 2817 ὤπολλον
1447 2777 1618 2818 ὥπολλον.
1652 2775 1714 2814 Μ’.
1745 2775 1915 2815 &vorm-02
1945 2776 1983 2822 (-
2007 2779 2042 2815 οἳ

269 2843 403 2891 Fam.)
443 2852 593 2898 πομποὶ·
621 2847 670 2887 δᾶ
703 2876 714 2887 .
742 2850 904 2890 ἅπολλον
942 2851 1115 2892 ἅπολλον.
1150 2848 1210 2889 Fl.
1237 2849 1355 2888 Fam.
1412 2849 1508 2891 979.
1538 2847 1582 2900 μ’
1612 2846 1729 2887 deest.
1782 2847 1876 2887 980.
1907 2848 2036 2894 αὐτῆς.

269 2917 361 2957 981.
392 2917 518 2971 δουλίᾳ
546 2919 641 2973 παρ’
668 2922 707 2960 ἓν
734 2920 795 2960 Μ.
824 2924 950 2976 παρὲν
975 2921 1037 2962 Fl.
1065 2925 1188 2978 παρὸν
1216 2921 1335 2961 Fam.

271 3110 365 3155 972.
393 3114 435 3153 οὐ
458 3117 536 3169 γὰρ
562 3117 730 3158 τοιοῦτος
761 3116 858 3156 ὥστε
891 3116 968 3156 κτέ.
1000 3114 1079 3154 Eu-

218 3176 293 3229 rip.
321 3177 456 3231 Suppl.
484 3181 590 3224 976:
640 3188 828 3234 μνήματα
847 3211 857 3222 .
878 3213 888 3222 .
908 3215 917 3224 .
950 3184 1082 3237 λοιβάς

219 3260 265 3285 τε
289 3245 416 3286 νεκύων
430 3278 439 3288 .
455 3275 466 3288 .
483 3279 493 3288 .
537 3254 781 3304 χρυσοκόμας
810 3247 993 3291 Ἀπόλλων
1019 3252 1081 3291 οὐκ

187 3345 194 3354 .
221 3311 423 3364 ἐνδέχεται.
452 3314 502 3354 cf.
531 3315 619 3355 Ion.
639 3316 734 3356 245.
751 3315 934 3357 Klausen.
956 3317 1079 3357 Theo·

220 3376 298 3430 log.
329 3379 464 3419 Aesch.
493 3394 533 3434 p.
565 3383 643 3423 114
673 3383 740 3423 eit.
771 3384 913 3424 Herm.

275 3445 369 3487 978.
412 3443 587 3491 Ἀπόλλων
627 3454 744 3504 ἐμός,
790 3465 878 3492 cum
907 3451 1081 3505 emphasi

219 3510 387 3559 dictum,
416 3516 460 3554 ut
485 3516 602 3564 vatis,
650 3519 757 3570 cujus
786 3522 972 3572 patronus
1001 3532 1081 3559 esse

219 3577 400 3628 debebat,
432 3586 639 3634 peremtor.
680 3587 865 3628 Similiter
891 3587 931 3627 in
959 3587 1077 3640 Apol-

1161 3114 1250 3154 linis
1277 3113 1432 3153 nomine
1456 3113 1554 3153 ludit
1581 3112 1859 3153 Archilochus:

1217 3185 1314 3229 ἅναξ
1338 3180 1539 3234 Ἄπολλον,
1563 3185 1624 3223 καὶ
1643 3183 1686 3222 σὺ
1706 3185 1777 3234 μὲν
1793 3183 1878 3228 τοὺς
1893 3181 2037 3227 αἷτΙους

1217 3257 1385 3302 πήμαινε
1403 3280 1414 3299 ,
1440 3251 1504 3291 καί
1520 3267 1614 3305 σφας
1629 3247 1723 3290 ὅλλυ’
1735 3254 1864 3305 ὥσπερ
1883 3250 2034 3296 ὀλλύεις.

1162 3316 1282 3356 Plura
1301 3316 1478 3357 Macrob.
1494 3318 1652 3357 Saturn.
1670 3317 1691 3356 J
1703 3349 1715 3366 ,
1735 3318 1799 3360 17.
1817 3318 1881 3357 cit.
1910 3316 2035 3357 Stanl.

1162 3385 1214 3424 Et
1228 3384 1358 3424 eodem
1373 3385 1484 3424 modo
1500 3398 1590 3425 mox
1603 3385 1644 3425 in
1658 3385 1882 3438 cognomine
1894 3390 2036 3437 ἀγυιᾶ-

1162 3470 1213 3494 τοι
1242 3452 1393 3493 videtur
1421 3465 1501 3492 esse
1533 3453 1667 3493 allusio
1697 3453 1744 3493 ad
1774 3453 1812 3493 id
1839 3453 1940 3506 quod
1966 3452 2033 3492 ad-

1161 3519 1242 3560 dit:
1289 3527 1353 3561 ποῖ
1384 3519 1474 3562 ποτ’
1501 3526 1638 3575 ἤγαγές
1666 3538 1744 3574 με;
1791 3524 1833 3561 ut
1860 3521 2030 3561 animad-

1161 3587 1278 3628 vertit
1307 3587 1454 3629 Blomf.
