2340 3958
352 168 381 216 6
391 167 419 216 Ο
1083 173 1431 218 ΑΙΣΧΥΛΟΥ

687 329 802 391 ἅδην
841 328 1019 391 ἔλειξεν
1058 326 1264 393 αἵματος
1304 336 1593 396 τυραννικοῦ.

684 440 798 496 θεοῖς
837 438 924 501 μὲν
964 435 1175 500 ἐξέτεινα
1213 438 1428 506 φροίμιον
1465 438 1588 492 τόδε.

354 548 456 598 740

681 546 748 598 τα
786 547 826 598 δ’
864 547 911 605 ἐς
949 546 1003 599 τὸ
1043 546 1121 599 σὸν
1161 545 1388 613 φρόνημα
1425 547 1679 611 μέμνημαι
1717 546 1896 606 κλύων,

2080 556 2162 595 830

680 657 761 709 καὶ
799 655 931 724 φημὶ
971 657 1136 710 ταῦτα
1173 656 1255 709 καὶ
1294 655 1549 723 ξυνήγορόν
1588 658 1644 720 μ’
1682 655 1828 721 ἔχεις.

684 766 877 833 παύροις
918 767 1015 833 γαρ
1054 767 1227 833 ἀνδρῶν
1265 768 1366 823 ἐστι
1406 766 1644 830 συγγενὲς
1683 765 1817 826 τόδε,

681 875 826 942 Φίλον
863 875 944 929 τὸν
983 875 1263 943 εὐτυχοῦντ’
1302 874 1415 929 ἄνευ
1453 875 1625 944 φθόνου
1664 875 1839 938 σέβειν.

682 986 894 1053 δυ’ςφρων
931 987 1028 1052 γαρ
1067 987 1132 1047 ἰὸς
1170 987 1366 1053 καρδίαν
1407 987 1690 1053 προςήμενος

352 1096 453 1146 745

642 1164 645 1165 ⁷
681 1093 833 1161 ἄχθος
872 1095 1095 1162 διπλοίζει
1134 1097 1202 1162 τῷ
1241 1096 1507 1161 πεπαμένῳ
1546 1094 1677 1147 νόσου
1696 1112 1706 1121 ·

2084 1112 2162 1151 835

685 1209 782 1262 τοῖς
819 1206 866 1255 τ’
905 1204 1051 1263 αὐτὸς
1090 1205 1238 1258 αὑτοῦ
1278 1205 1499 1268 πήμασιν
1535 1203 1798 1268 βαρύνεται

684 1313 766 1366 καὶ
806 1314 885 1366 τὸν
925 1314 1105 1380 θυραῖον
1145 1313 1288 1378 ὄλβον
1327 1314 1502 1379 εἱςορῶν
1541 1312 1709 1366 στένει.

682 1423 808 1482 εἰδὼς
846 1421 1037 1487 λέγοιμ’
1075 1421 1165 1476 ἄν·
1207 1420 1260 1477 εὖ
1297 1424 1395 1489 γαρ
1434 1421 1764 1486 ἐξεπίσταμαι

684 1531 920 1596 αἱμυλίας
960 1531 1226 1599 κάτοπτρον
1244 1577 1258 1596 ,
1298 1531 1490 1586 εἴδωλον
1527 1534 1698 1594 σκιοῖς,

353 1646 455 1696 750

351 1844 403 1883 V.
434 1844 529 1887 744.
559 1845 668 1885 Fort.
697 1845 773 1898 leg.
804 1848 943 1903 καρδίᾳ
967 1855 1209 1903 προςήμενος.

353 1962 405 2002 V.
435 1962 529 2005 741.
572 1967 711 2005 ταῦτα.

404 2042 516 2078 νόσον.
583 2037 676 2080 749.
710 2038 858 2090 ὁμιλίας
889 2043 1114 2095 κάτοπτρον.

356 2199 476 2251 Corp.
501 2198 629 2239 Inscr.
656 2199 702 2239 T.
727 2199 798 2247 ΙΙ,
824 2213 864 2252 p.
881 2200 961 2239 328
976 2213 1060 2252 sqq.
1099 2201 1216 2241 Prae-

352 2269 458 2306 terea
487 2279 578 2306 vero
601 2267 858 2320 incongruum
881 2267 922 2307 in
937 2280 979 2308 re
993 2268 1104 2308 modo
1118 2269 1220 2309 facta

307 2324 309 2326 ¹
349 2334 442 2373 anni
469 2335 752 2387 tempestatem,
802 2348 876 2386 qua
904 2335 1108 2384 acciderit,
1138 2350 1219 2376 me-

347 2414 514 2442 morare.
571 2402 660 2441 Hoc
709 2403 843 2442 notum
897 2405 982 2443 erat
1025 2403 1215 2444 omnibus.

350 2469 436 2508 Diei
478 2470 615 2509 horam
663 2469 825 2510 indicari
867 2483 939 2524 par
984 2471 1082 2519 fuit,
1139 2485 1217 2512 non

349 2536 441 2576 anni
481 2538 649 2589 tempus.
702 2536 841 2589 Itaque
882 2538 1064 2578 diurnum
1091 2538 1216 2579 Pleia-

349 2604 441 2643 dum
468 2616 643 2644 oceasum
673 2603 837 2658 intelligi
865 2606 1000 2654 credo,
1040 2606 1106 2658 qui
1135 2607 1217 2647 ine-

348 2674 443 2710 unte
481 2683 570 2711 vere
606 2671 740 2712 incidit
783 2672 826 2711 in
851 2673 1120 2727 intempestam
1147 2687 1218 2714 no-

349 2741 472 2786 ctem,
516 2742 608 2795 περὶ
634 2747 790 2796 πρώτην
815 2741 929 2783 νύκτα
945 2772 957 2795 ,
990 2741 1062 2782 hoc
1096 2743 1153 2782 est
1179 2742 1221 2782 in

351 2805 454 2845 idem
482 2804 577 2845 illud
604 2810 783 2860 tempus,
815 2809 916 2860 quod
945 2808 1131 2862 Virgilius
1157 2809 1219 2849 in-

350 2873 452 2912 dieat
484 2873 598 2924 (Aen.
629 2873 704 2923 II,
749 2875 869 2923 253),
900 2881 975 2928 quo
1004 2889 1118 2929 sopor
1131 2877 1220 2930 fes-

351 2953 412 2979 sos
459 2942 729 2993 complectitur
781 2947 893 2983 artus
907 2974 920 2991 ,
984 2946 1098 2996 atque
1150 2957 1224 2996 quo

340 3009 481 3060 prima
519 3010 627 3060 quies
663 3012 895 3052 mortalibus
922 3013 1052 3065 aeqris
1083 3013 1225 3066 incipit

357 3079 429 3125 (vs,
459 3076 572 3124 268).
627 3077 770 3118 Eadem
802 3080 990 3120 sententia
1005 3111 1016 3127 ,
1048 3080 1081 3120 si
1108 3080 1225 3120 verba

355 3142 474 3197 probe
500 3143 695 3197 intelligo,
739 3146 890 3186 videtur
934 3160 1015 3187 esse
1043 3148 1227 3188 Boeckhii

355 3208 427 3249 1.1.
469 3223 507 3262 p.
538 3212 641 3258 330,
684 3212 902 3265 improbata
945 3217 1076 3255 tamen
1120 3216 1225 3256 Her-

357 3289 499 3316 manno
526 3278 574 3316 ad
601 3279 642 3319 h.
659 3278 687 3318 1.

415 3343 509 3386 738.
552 3346 643 3393 ἄδην
669 3349 801 3394 ἔλειξεν
815 3350 979 3400 αἵματος
999 3354 1224 3406 τυραννικοῦ.

360 3411 638 3452 Commentarii
675 3414 796 3453 instar
835 3420 892 3454 est
920 3417 1102 3470 Virgilius
1129 3420 1227 3458 Aen.

363 3478 435 3526 II,
463 3479 544 3518 498
577 3492 660 3531 sqq.

416 3545 511 3588 739.
553 3549 723 3601 φροίμιον
764 3550 862 3590 τόδε.
926 3550 988 3590 Ita
1034 3550 1225 3604 appellat,

684 1644 936 1703 δοκοῦντας
977 1642 1096 1698 εἶναι
1135 1645 1296 1712 κάρτα
1334 1650 1614 1712 πρευμενεῖς
1651 1643 1772 1709 ε’μοί.

782 1964 877 2006 743.
913 1970 998 2007 ἄνευ
1025 1970 1157 2021 φθόνων
1197 1966 1260 2007 Fl.

2086 1660 2165 1698 840

1300 1965 1484 2006 Stobaeus
1517 1970 1642 2018 ψόγου.
1698 1965 1790 2007 745.
1829 1972 1885 2018 τῷ
1926 1970 2166 2018 πεπαμμένῳ

1299 2202 1388 2253 quia
1428 2199 1494 2240 illa
1534 2198 1707 2239 beneficii
1746 2198 2056 2238 commemoratio
2082 2201 2166 2239 erat

1299 2269 1406 2321 quasi
1450 2266 1687 2321 prooemium
1729 2264 2021 2318 gratulationis,
2049 2279 2165 2318 quam

1300 2349 1390 2376 mox
1417 2335 1488 2375 diis
1517 2335 1687 2374 facturus
1711 2335 1816 2372 erat:
1844 2332 1922 2372 vid.
1938 2346 1995 2374 vs.
2011 2334 2088 2373 851
2106 2347 2166 2386 sq.

1354 2404 1447 2447 740.
1476 2407 1529 2444 τὰ
1557 2402 1588 2442 δ’
1607 2405 1643 2448 ἐς
1680 2405 1724 2443 τὸ
1764 2404 1826 2442 σὸν
1864 2406 2038 2457 φρόνημα
2080 2403 2162 2443 κτὶ.
2235 2397 2239 2400 ⁴

1300 2472 1413 2516 Quod
1446 2471 1593 2511 attinet
1634 2470 1690 2508 ad
1724 2483 1772 2509 ea
1813 2482 1910 2521 qaae
1949 2470 2091 2509 dixisti
2117 2471 2168 2510 de

1299 2543 1365 2579 tao
1393 2551 1486 2590 erqa
1513 2551 1574 2577 me
1603 2537 1734 2576 animo
1749 2567 1762 2584 ,
1807 2537 1951 2577 audita
1981 2538 2171 2578 memoria

1300 2610 1411 2646 teneo
1455 2609 1494 2645 et
1537 2604 1733 2645 assentior
1771 2604 1826 2643 iis
1867 2617 1967 2656 quae
1994 2604 2135 2645 dixisti
2151 2636 2163 2652 ‚

1299 2686 1437 2726 nempe
1462 2672 1575 2712 modo
1602 2685 1661 2713 vs.
1685 2672 1784 2715 788:
1810 2675 1938 2714 πολλοὶ
1953 2673 1992 2713 δὲ
2012 2677 2167 2729 βροτῶν

1301 2745 1346 2783 τὸ
1368 2741 1484 2782 δοκεῖν
1509 2742 1590 2781 κτὲ.
1615 2738 1841 2792 quibuscum
1854 2739 2059 2780 concinunt
2070 2753 2167 2792 quae

1301 2808 1432 2848 statim
1460 2807 1637 2860 deinceps
1665 2807 1786 2847 addit.

1359 2876 1454 2919 749.
1484 2878 1663 2930 ἀίμυλίας
1691 2879 1906 2931 κάτοπτρον
1930 2876 2009 2916 κτὲ.
2061 2874 2166 2915 Jun-

1303 2944 1426 2996 genda
1465 2943 1582 2984 verba
1621 2943 1699 2983 sic:
1734 2945 1775 2983 εὖ
1804 2946 1881 2996 γὰρ
1911 2943 2169 2995 ἐξεπίσταμαι

1305 3013 1389 3059 τοὺς
1430 3012 1622 3058 δοκοῦντας
1662 3015 1790 3066 κάρτα
1823 3015 2048 3065 πρευμενεῖς
2084 3014 2170 3063 ἐμοὶ

1306 3079 1428 3128 (εἶναι)
1453 3081 1630 3132 αἱμυλίας
1656 3083 1868 3131 κάτοπτρον
1890 3080 1953 3118 καὶ
1981 3085 2088 3125 σκιᾶς
2112 3080 2170 3119 εἳ-

1307 3148 1418 3188 δωλον
1443 3146 1598 3196 (ὄντας).
1651 3144 1789 3184 Pulcre
1815 3144 1933 3184 vertit
1960 3145 2140 3186 Grotius:

1361 3215 1474 3254 Bene
1498 3218 1593 3253 nota
1619 3213 1768 3265 loquor,
1799 3216 1980 3265 expertus
2001 3213 2172 3266 impense

1471 3281 1570 3319 milii

1364 3348 1527 3388 Studere
1548 3347 1648 3386 visos
1676 3347 1783 3387 nihil
1819 3348 2023 3387 amicitiae
2051 3347 2130 3387 nisi

1374 3415 1506 3454 Vanae
1516 3415 1650 3466 fuisse
1674 3415 1829 3467 specula
1845 3419 1884 3456 et
1897 3417 2055 3456 umbrae
2072 3417 2171 3456 ima-

1469 3482 1595 3534 qines.

1311 3551 1360 3590 cf.
1391 3549 1608 3588 Comment.
