2340 3958
314 169 338 218 1
349 168 378 216 O
1036 167 1380 212 ΑΙΣΧΥΛΟΥ

455 327 623 382 στόλον
661 324 887 393 Ἀργείων
925 324 1236 391 χιλιοναύτην

308 443 374 493 45
675 434 805 497 τῆςδ’
840 433 939 487 απὸ
976 434 1142 500 χώρας

2060 345 2110 382 45

566 541 705 612 ἦραν,
742 546 1021 610 στρατιῶτιν
1058 542 1277 609 οὲρωγήν,

455 657 619 722 μέγαν
656 657 710 708 ἐκ
746 654 893 718 θυμοῦ
931 651 1187 719 κλάζοντες
1220 652 1374 719 ”Αρη,

454 766 621 834 τρόπον
659 765 897 829 αἰγυπιῶν
934 760 1017 817 οἵτ’
1055 763 1298 822 ἐκπατίοις

453 875 632 940 ἄλγεσι
671 873 851 927 παίδων
888 872 1046 927 ἐπανω
1084 873 1270 940 λεχέων
2060 891 2110 928 50

308 990 373 1040 50
674 983 1080 1052 στροφοδινοῦνται

452 1096 702 1164 πτερύγων
738 1097 998 1163 ἐρετμοῖσιν
1035 1093 1353 1161 ἐρεσσόμενοι,

674 1206 946 1272 δεμνιοτήρη

566 1316 702 1369 πόνον
738 1313 1010 1381 ὀρταλίχων
1046 1312 1315 1371 ὀλέσαντες.

305 1507 357 1548 V.
384 1507 454 1546 49.
481 1506 617 1546 ὕπατοι
645 1507 795 1558 λεχέων.

302 1651 419 1692 litatis
432 1682 444 1700 ‚
463 1650 631 1704 pendens
645 1663 666 1690 a
687 1654 813 1702 ζεῦγος
830 1652 1051 1707 Ἀτρειδῶν,
1079 1652 1166 1690 tan-

304 1733 417 1772 quam
433 1719 466 1759 Si
482 1719 644 1758 diceret:
676 1720 792 1760 δισσοὶ
809 1721 983 1774 βασιλεῖς
1005 1721 1168 1775 διθρόνου

303 1794 444 1841 τιμῆς,
479 1801 562 1840 par
588 1786 822 1826 Atridarum
851 1787 1000 1839 duplici
1028 1789 1167 1826 throno

303 1856 470 1907 insiqne.
516 1855 580 1894 Sic
608 1868 664 1895 vs.
682 1854 785 1898 740:
818 1861 991 1911 φρόνημα
1014 1861 1168 1907 νηνέμου

304 1925 485 1976 γαλάνας.
516 1922 636 1975 Soph.
651 1922 717 1973 Aj.
735 1923 839 1961 1003
857 1940 866 1961 :
898 1923 1008 1975 ὄμμα
1026 1912 1169 1975 τόλμης

302 1998 456 2047 πικροῖς.
502 1990 639 2043 Eurip.
656 1989 744 2042 Iph.
762 1990 808 2029 T.
825 1990 955 2030 1144:
985 1994 1167 2046 παρθένος

303 2059 502 2111 εὐδοκίμων
533 2063 677 2110 γάμων.

359 2129 427 2166 44.
454 2128 699 2180 χιλιοναύτην.
728 2125 871 2165 Eodem
886 2125 1054 2178 epitheto
1069 2126 1162 2166 Ilia-

304 2206 386 2233 cam
402 2192 559 2233 classem
572 2193 732 2246 insignit
754 2193 954 2245 Euripides
968 2193 1031 2232 cit.
1048 2195 1163 2233 Stan-

301 2261 375 2301 leio
401 2261 442 2300 in
459 2260 591 2313 Iphig.
620 2261 666 2300 T.
684 2262 786 2308 140,
819 2262 879 2301 σὺν
907 2268 1015 2315 κώπα
1044 2264 1165 2315 χιλιοὲ

304 2330 434 2383 ναύτᾳ.
466 2329 528 2368 Cf.
557 2329 744 2368 Androm.
777 2329 871 2368 106.
900 2330 973 2368 Or.
1004 2330 1098 2368 352.

358 2398 426 2436 43.
469 2401 606 2452 τρόπον
647 2400 824 2449 αἰγυπιῶν
865 2396 936 2437 οἵτ’
958 2398 1164 2443 ἐκπατίοις.

304 2463 440 2517 Imago
468 2464 580 2504 dueta
607 2463 653 2504 ab
681 2464 856 2504 Homero
885 2463 961 2503 Od.
985 2479 1029 2517 π,
1060 2465 1162 2512 216,

303 2531 406 2572 laud.
434 2531 579 2571 Blomf.

359 2602 482 2640 κλαῖον
507 2601 546 2640 δὲ
563 2602 690 2652 λιγέως
716 2601 942 2655 ἀδινώτερον
957 2604 983 2647 ἥ
1002 2597 1038 2640 τ’
1051 2603 1165 2640 οἰωνοὶ

358 2674 473 2714 Φῆναι
514 2670 537 2715 ἢ
576 2671 741 2720 αἰγυπιοὶ
777 2671 1053 2722 γαμψώνυχες,
1092 2667 1166 2708 οἷσί

357 2739 519 2790 ἀγρόται
548 2736 743 2783 ἐξείλοντο.
912 2742 971 2786 (τε
998 2741 1110 2777 τέκνα

302 2801 427 2841 Simili
468 2803 751 2855 comparatione
793 2803 916 2843 utitur
956 2801 1162 2856 Sophocles

303 2869 397 2908 Ant.
425 2869 530 2917 423,
559 2869 626 2922 qui
651 2882 783 2911 versus
812 2870 866 2910 sic
891 2869 1065 2923 legendi:

716 2939 938 2979 κάνακωκύει
965 2945 1108 2994 πικρῶς

359 3004 497 3060 ὄρνιθος
525 3005 607 3051 ὀξὺν
631 3008 784 3058 φθόγγον
811 3009 882 3058 ὣς,
914 3009 1004 3047 ὅταν
1032 3013 1135 3053 κενῆς

357 3074 459 3118 εὐνῆς
484 3079 639 3112 νεοσσῶν
667 3076 823 3128 ὀρφανὸν
846 3076 968 3131 βλέψῃ
997 3077 1117 3128 λέχος.

301 3137 501 3190 Euripides
528 3139 666 3179 Troad.
697 3141 797 3187 146,
824 3141 890 3180 ubi
920 3141 1080 3181 Hecuba
1107 3140 1161 3181 sic

300 3204 490 3256 loquitur:
519 3206 810 3260 τύφεταιἽλιον,
833 3211 1046 3262 αἰάζωμεν·
1077 3214 1160 3262 μά-

302 3289 377 3328 τηρ
426 3271 457 3312 δ’
491 3277 573 3320 ὡςεὶ
623 3281 778 3321 πτανοῖς
822 3278 984 3329 κλαγγὰν
1027 3277 1160 3334 ’ὄρνισιν

303 3344 422 3386 ἅπαις
450 3342 600 3397 ἐξάρξω
629 3340 693 3395 ’γὼ
719 3345 882 3395 μολπάν,
936 3345 1082 3398 Scripsi
1107 3344 1161 3384 ibi

302 3411 421 3454 ἅπαις
447 3421 517 3460 pro
545 3412 655 3457 ὅπως.

356 3478 555 3529 ἑκπάτιος,
587 3476 811 3518 vocabulum
826 3479 972 3527 rarius,
1003 3480 1159 3533 proprie

301 3541 490 3596 significat
510 3549 624 3586 extra
637 3546 739 3586 viam
753 3546 889 3587 tritam
900 3577 911 3595 ,
942 3547 1032 3587 hinc
1045 3560 1156 3587 enor-

1249 1651 1346 1698 mis,
1388 1650 1584 1690 insolitus.
1628 1649 1764 1702 Itaque
1791 1654 1955 1692 ἐκπάτια
1990 1654 2109 1702 ἄλγεα
2175 1666 2180 1671 ·

1247 1721 1338 1758 sunt
1363 1719 1516 1758 dolores
1543 1718 1809 1765 vehementes,
1849 1721 1893 1758 ut
1916 1719 1999 1770 jam
2025 1719 2107 1771 pri-

1248 1786 1334 1825 dem
1362 1786 1544 1840 explicuit
1558 1786 1728 1826 Koenius
1758 1786 1805 1825 ad
1821 1787 1986 1839 Gregor.
2015 1787 2107 1827 Cor.

1247 1868 1287 1907 p.
1319 1855 1398 1894 566
1440 1854 1499 1894 ed.
1537 1855 1688 1894 Schaef.
1724 1853 1790 1906 qui
1817 1853 1910 1893 citat
1934 1855 2108 1894 Erotiani

1247 1923 1347 1962 hanc
1361 1921 1542 1973 glossam:
1574 1925 1839 1974 ἐκπατίως,
1866 1926 2104 1978 ἐκτρόπως...

1248 1993 1461 2042 ἀγνοοῦντες
1493 1993 1577 2031 ἔνιοι
1599 1995 1807 2046 ’γράφουσιν
1835 1994 2100 2043 ἐκπάγλως.

1246 2071 1359 2110 quam
1402 2057 1566 2110 glossam
1605 2058 1800 2111 pertinere
1839 2058 2109 2098 animadvertit

1246 2126 1293 2165 ad
1319 2124 1445 2165 locum
1463 2125 1653 2178 Hippocr.
1677 2126 1724 2165 de
1738 2127 1800 2166 M.
1814 2125 1918 2166 Mul.
1945 2140 1986 2179 p.
2003 2127 2106 2174 663,

1248 2194 1316 2234 19.
1372 2193 1498 2233 Etiam
1525 2193 1589 2232 hic
1623 2196 1819 2247 ἐκπάγλοις
1845 2195 2106 2247 reponendum

1246 2260 1339 2301 olim
1370 2261 1583 2313 conjecerat
1610 2260 1893 2309 Blomfieldius,
1922 2262 1987 2301 sed
2015 2275 2105 2301 con-

1241 2329 1432 2380 jecturam
1451 2330 1550 2368 hanc
1574 2331 1704 2382 postea
1718 2329 1977 2382 reprehendit.
2006 2330 2107 2368 Cum

1245 2396 1361 2437 verbo
1393 2399 1712 2454 στροφοδινοῦνται
1737 2396 1878 2436 Blomf.
1909 2398 2108 2450 comparat

1246 2466 1566 2521 τροχοδινεῑσθαι,
1597 2465 1730 2505 Prom.
1757 2466 1850 2504 882.

1303 2533 1369 2572 52.
1410 2532 1648 2583 Hesychius:
1694 2534 1999 2589 δεμνιοτήρη
2027 2539 2104 2574 πό·

1245 2617 1340 2652 νον,
1382 2601 1560 2654 Αἰσχύλος
1597 2598 1871 2653 Ἀγαμέμνονι,
1914 2605 2044 2641 καθότι
2071 2604 2105 2641 οἱ

1244 2671 1384 2709 νεοσσοὶ
1413 2672 1467 2710 ἔτι
1506 2671 1667 2709 τοιοῦτοί
1701 2671 1791 2709 εἰσιν
1818 2671 1865 2714 ὡς
1893 2673 1945 2708 τὰ
1972 2669 2106 2721 δέμνια

1245 2741 1373 2791 τηρεῖν
1399 2739 1461 2777 καὶ
1497 2742 1694 2790 κατέχειν,
1739 2737 1897 2788 μηδέπω
1922 2740 2104 2776 πέτεσθαι

1246 2805 1457 2856 δυνάμενοι·
1487 2810 1630 2844 πόνον
1658 2805 1697 2844 δὲ
1729 2808 1776 2844 τὰ
1802 2806 1892 2858 περὶ
1919 2809 1985 2851 τὴν
2011 2820 2100 2858 τρο-

1245 2877 1310 2925 φὴν
1339 2874 1472 2912 αὐτῶν.
1515 2871 1594 2911 Hic
1621 2877 1727 2912 πόνον
1752 2872 1872 2910 refert
1898 2871 1946 2910 ad
1973 2884 2104 2910 curam

1242 2942 1468 2991 parentum,
1512 2940 1736 2995 δεμνιοτήρη
1776 2951 1866 2978 vero
1907 2938 1955 2977 ad
1981 2938 2105 2992 pullos

1243 3006 1375 3045 nidum
1399 3012 1616 3054 servantes,
1646 3006 1754 3058 quasi
1765 3006 1866 3045 idem
1881 3008 1978 3045 esset
1991 3008 2104 3059 atque

1243 3079 1353 3116 πόνον
1382 3078 1595 3131 ὀρταλίχων
1610 3076 1872 3130 δεμνιοτήρων.
1902 3074 2012 3112 Haec
2024 3087 2103 3114 non

1242 3143 1443 3194 quadrant.
1499 3142 1715 3182 Klausenus
1755 3147 1862 3182 πόνον
1890 3145 2100 3198 ὀρταλίχων

1239 3223 1309 3262 per
1335 3210 1579 3263 periphrasin
1607 3210 1680 3248 dici
1706 3209 1789 3249 vult
1815 3210 1918 3262 ipsos
1942 3212 2095 3262 pullos,

1238 3281 1441 3330 parentum
1469 3291 1602 3318 curam
1626 3279 1664 3316 ei:
1686 3278 1876 3325 laborem,
1907 3277 2004 3317 sicut
2017 3279 2095 3317 Eu-

1239 3345 1315 3397 rip.
1342 3345 1383 3384 in
1407 3345 1530 3384 Herc.
1560 3346 1656 3384 Fur.
1688 3346 1792 3385 1039
1822 3345 1935 3384 dicit:
1967 3350 2015 3392 ὥς
2041 3363 2099 3392 τις

1239 3413 1335 3468 ὅρνις
1363 3417 1530 3469 ἄπτερον
1558 3419 1791 3454 καταστένων
1820 3414 1931 3455 ὠδῖνα
1947 3421 2098 3465 τέκνων,

1238 3492 1309 3532 pro
1338 3483 1494 3536 ἄπτεροι
1521 3485 1643 3522 τέκνα.
1702 3481 1792 3519 Non
1813 3481 2012 3521 invenusta
2040 3483 2100 3519 est

1239 3547 1332 3587 haec
1346 3546 1545 3600 explicatio
1557 3566 1568 3596 3
1585 3547 1793 3601 simplicior
1805 3550 1935 3589 tamen
1949 3561 2006 3597 ea,
2022 3561 2096 3600 qua
