2340 3958
916 162 1388 209 ΑΓΑΜΕΜΝΩΝ.
1991 158 2057 205 29

575 323 727 383 άλλος
769 321 882 389 παρ’
920 320 1076 399 άλλου
1119 321 1374 388 διαδοχαῖς
1413 321 1758 388 πληρούμενοι·

245 439 349 488 280

575 544 763 610 τέκμαρ
800 548 1006 598 τοιοῦτον
1043 542 1294 608 σύμβολόν
1334 563 1390 596 τε
1427 543 1498 596 σοὶ
1535 543 1669 607 λέγω

575 439 682 504 νικᾷ
726 434 766 486 δ’
803 434 825 486 ὁ
863 437 1044 500 πρῶτος
1081 432 1163 485 καὶ
1204 437 1483 491 τελευταῖος
1522 431 1727 498 δραμών.

1982 563 2060 602 315

571 654 733 721 ἀνδρὸς
770 652 1208 719 παραγγείλαντος
1241 653 1295 705 ἐκ
1332 653 1509 718 Τροίας
1548 654 1670 731 ἐμοί.

428 773 531 817 XO.
571 765 687 822 θεοῖς
726 763 816 827 μὲν
855 761 1032 823 αὐτίκ’,
1072 760 1106 815 ὦ
1145 762 1323 826 γύναι,
1364 762 1711 835 προςεύξομαιῖ·

573 873 749 938 λόγους
790 872 830 926 δ’
872 875 1076 927 άκοῦσαι
1115 874 1279 933 τούςδε
1317 875 1698 940 κάποθαυμάσαι

245 987 350 1036 285

425 1102 530 1147 ΚΛ.
569 1094 746 1159 Τροίαν
783 1092 980 1161 Ἀχαιοὶ
1019 1093 1123 1163 τῇδ’
1160 1093 1325 1161 {xcvo-⁹
1365 1095 1413 1146 ἐν
1452 1095 1621 1162 ἡμέρα.

577 984 792 1046 διηνεκῶς
831 982 1009 1048 θέλοιμ’
1047 981 1136 1046 ἂν,
1175 980 1252 1043 οὓς
1290 983 1455 1047 λέγεις
1495 984 1672 1038 πάλαι.

1983 1115 2063 1154 320

576 1201 709 1270 οἶμαι
748 1205 866 1269 βοὴν
904 1204 1108 1269 άμικτον
1149 1205 1198 1257 ἐν
1237 1203 1374 1258 πόλει
1415 1205 1625 1271 πρέπειν.

577 1315 679 1380 ὅξος
715 1316 760 1370 τ’
799 1315 993 1385 ἄλειφά
1030 1315 1076 1370 τ’
1115 1316 1307 1383 ἐγχέας
1344 1319 1510 1384 ταύτῷ
1548 1318 1712 1379 κύτει,

577 1426 942 1494 διχοστατοῦντ’
981 1425 1041 1480 ἂν
1078 1431 1128 1482 οὐ
1165 1427 1325 1496 φίλως
1364 1429 1713 1496 προςεννέποις,

248 1540 352 1589 290

573 1650 805 1718 φθογγάς
842 1650 1029 1704 ἀκούειν
1067 1650 1169 1704 ἔστι
1207 1636 1465 1720 συμφοράς
1502 1652 1693 1714 διπλῆς.

578 1537 663 1592 καὶ
700 1543 793 1592 τῶν
831 1538 1042 1593 οὶλόντων
1080 1540 1162 1593 καὶ
1200 1539 1542 1606 κρατησάντων
1580 1540 1703 1607 δίχα

1978 1667 2057 1707 325

578 1760 619 1811 οἱ
655 1760 745 1823 μὲν
781 1760 880 1828 γάρ
918 1762 1059 1829 άμφὶ
1100 1761 1321 1827 σώμασιν
1360 1762 1672 1821 πεπτωκότες

240 1956 290 1996 V.
320 1955 416 1997 289.
445 1956 554 1998 Fort.
582 1956 657 2010 leg.
682 1961 1006 2014 προςεμβλέποις.

237 2067 289 2107 V.
319 2067 414 2108 283.
443 2067 560 2115 αὖθις.
622 2069 717 2110 285.
747 2073 795 2117 ὡς
824 2073 942 2123 λέγεις
970 2074 1081 2113 πάλιν
1108 2071 1157 2111 Β.
1188 2075 1236 2118 ὡς
1264 2075 1385 2124 λεγοις
1417 2074 1527 2112 πάλιν
1557 2070 1618 2111 Fl.

239 2207 344 2256 face,
373 2210 588 2261 postremus
612 2221 813 2249 cursorum
842 2209 1007 2250 ludibrio
1037 2211 1106 2250 ha-

241 2273 376 2323 betur,
420 2276 485 2316 sed
526 2276 674 2329 primus
718 2290 837 2330 aeque
876 2291 919 2319 ac
951 2278 1109 2319 ultimus

242 2342 409 2396 palmam
441 2347 639 2393 meretur,
669 2358 789 2397 quum
815 2345 924 2399 ignes
950 2346 1105 2387 intami-

242 2413 334 2451 nata
360 2424 511 2464 semper
540 2412 623 2452 luce
651 2412 973 2466 resplendescant.
1029 2415 1105 2455 Ea·

244 2478 330 2518 dem
378 2480 664 2532 comparatione
705 2482 828 2521 utitur
855 2482 1076 2523 Herodotus
1093 2513 1106 2530 ,

243 2545 310 2587 ubi
324 2547 525 2588 Persarum
543 2553 745 2606 ἀγγαρεῖον
759 2549 963 2598 describit,
982 2550 1106 2598 VIII,

243 2615 317 2654 98:
358 2616 379 2656 ὁ
407 2619 478 2669 μὲν
505 2617 548 2665 δὴ
575 2627 724 2672 πρῶτος
753 2618 909 2674 δραμὼν
935 2620 1109 2676 παραδι-

242 2683 300 2725 δοῖ
325 2688 377 2726 τὰ
405 2687 656 2737 ἐντεταλμένα
696 2693 753 2740 τῷ
795 2687 980 2743 δευτέρῳ,
1018 2690 1038 2727 ὁ
1069 2688 1109 2728 δὲ

245 2752 417 2809 δεύτερος
453 2761 509 2808 τῷ
550 2755 670 2809 τρίτῳ
706 2756 784 2795 κτὲ.
817 2760 995 2812 κατάπερ
1019 2753 1109 2796 ’Ἑλ-

245 2823 328 2867 λησι
355 2824 378 2867 ἡ
406 2822 728 2878 λαμπαδηφορίη,
761 2829 826 2872 τὴν
847 2823 1111 2879 τῷἪφαίστῳ

247 2892 489 2931 ἐπιτελέουσι.
549 2891 884 2931 Constructionem
921 2892 1031 2945 tetigi
1069 2892 1111 2931 in

249 2957 468 2997 Comment.

298 3025 393 3068 287.
421 3031 516 3081 βοὴν
542 3031 730 3080 ἄμικτον,
772 3028 976 3068 clamorem
1002 3028 1108 3068 inso-

245 3093 447 3142 viabilem,
476 3096 706 3135 discordem.

301 3160 396 3201 288.
434 3163 519 3210 ὅξος
558 3161 595 3205 τ’
619 3165 756 3219 ἄλειφά
782 3161 818 3206 τ’
840 3186 896 3192 -·
936 3167 998 3205 καὶ
1037 3173 1111 3205 τῶν

248 3229 419 3271 ἁλόντων,
451 3230 599 3284 Copula
611 3235 699 3286 καὶ,
726 3236 770 3272 ut
782 3231 945 3272 latinum
957 3237 1009 3280 et,
1027 3245 1108 3272 sae-

248 3306 297 3346 pe
317 3295 446 3350 jungit
468 3298 580 3339 ambo
604 3300 899 3353 comparationis
921 3299 1108 3348 membra;

247 3361 349 3402 idem
395 3367 452 3405 est
491 3379 535 3407 ac
574 3367 606 3407 si
648 3368 813 3407 diceret:
859 3372 908 3415 ὡς
951 3369 1034 3415 ὅξος
1071 3368 1109 3409 τ’

252 3433 388 3484 ἄλειφά
407 3449 450 3474 τε
480 3457 530 3464 --·
552 3438 647 3477 οὕτω
675 3440 736 3478 καὶ
764 3445 836 3477 τῶν
857 3439 1019 3478 ἁλόντων
1048 3441 1110 3478 καὶ

201 3506 204 3508 ’
252 3505 516 3552 κρατησάντων
565 3508 643 3545 κτὲ.
703 3508 983 3559 &helym-mog
1039 3518 1110 3558 pro

254 3569 415 3623 ἄλειφαρ
445 3574 646 3622 usurpatur
675 3573 722 3612 ad
752 3574 1017 3626 Hippocrate,
1048 3573 1108 3611 in-

1189 2211 1343 2251 terdum
1384 2210 1499 2250 etiam
1541 2222 1563 2248 a
1605 2208 1811 2249 serioribus
1840 2208 1962 2262 postis
1992 2221 2053 2248 ra-

1189 2280 1293 2319 riora
1347 2275 1595 2318 sectantibus.
1663 2277 1842 2330 Exceptis
1896 2276 2060 2317 verbali-

1187 2350 1250 2388 tus
1277 2347 1318 2386 in
1345 2364 1456 2400 -μα,
1487 2345 1599 2385 unica
1631 2345 1726 2385 haec
1754 2349 1811 2385 est
1838 2344 2057 2396 hujusmodi

1188 2416 1313 2455 forma
1353 2427 1451 2467 quae
1492 2413 1646 2465 quidem
1688 2413 1730 2453 in
1772 2426 1844 2453 usu
1887 2413 2050 2452 mansit:

1187 2482 1311 2523 simile
1352 2485 1411 2522 est
1447 2481 1700 2521 Homericum
1743 2484 1837 2523 λίπα
1874 2494 1920 2520 ex
1948 2482 2054 2528 λίπος

1188 2552 1332 2591 factum
1348 2581 1359 2598 ,
1385 2549 1486 2602 quod
1513 2552 1643 2588 tamen
1671 2549 1711 2588 in
1739 2548 1962 2589 adverbium
1989 2547 2057 2588 ab·

1186 2619 1255 2667 iit,
1298 2620 1337 2658 et
1363 2622 1408 2660 τὸ
1434 2619 1508 2672 ὕφα
1534 2617 1635 2669 quod
1661 2616 1777 2657 habet
1803 2613 2055 2669 Etymologus

1190 2688 1252 2728 M.
1292 2689 1340 2727 cf.
1368 2687 1599 2727 Buttmann.
1651 2687 1722 2726 Gr.
1752 2686 1824 2726 Gr.
1858 2684 1978 2738 ampl.
2005 2684 2057 2734 I,

1188 2770 1226 2809 p.
1259 2756 1337 2795 163
1365 2759 1448 2794 not.

1245 2824 1340 2864 291.
1378 2826 1540 2878 φθογγὰς
1573 2846 1629 2852 -
1671 2829 1867 2879 συμφορᾶς
1909 2822 2053 2869 διπλῆς.

1190 2892 1262 2931 Est
1290 2891 1543 2931 Homericum
1572 2891 1623 2932 Il.
1656 2892 1705 2941 δ,
1735 2892 1841 2930 45οε

1273 2963 1358 3001 ἔνθα
1401 2957 1433 3000 δ’
1457 2958 1529 3012 ἅμ’
1555 2962 1700 3013 οἰμωγή
1728 2976 1773 3000 τε
1820 2961 1883 3000 καὶ
1913 2959 2055 3011 εὐχωλὴ

1775 3027 1888 3067 πέλεν
1913 3027 2059 3083 ἀνδρῶν

1274 3097 1451 3137 ὀλλύντων
1477 3112 1521 3137 τε
1548 3098 1612 3136 καὶ
1639 3097 1857 3148 ὀλλυμένων.

1248 3164 1344 3204 292.
1385 3166 1484 3219 ἀμφὶ
1514 3171 1685 3217 σώμασιν
1721 3169 1966 3209 πεπτωκότες
2003 3162 2059 3203 id.

1192 3232 1292 3284 quod
1333 3237 1678 3288 ἀμφιπεπτωκότες
1720 3239 1916 3284 σώμασιν,
1975 3244 2058 3270 am-

1188 3301 1298 3353 plexi
1312 3313 1473 3352 corpora
1486 3331 1498 3348 ,
1527 3304 1571 3339 ut
1584 3299 1792 3353 Sophocles
1807 3299 1946 3338 Trach.
1965 3299 2060 3338 934.

1190 3370 1441 3424 ἀμφιπίπτων
1469 3374 1668 3422 στόμασιν.
1701 3368 1800 3407 Oed.
1826 3366 1910 3407 Col.
1930 3367 2058 3406 1616:

1191 3437 1334 3478 τοιαῦτ’
1367 3437 1424 3477 ἐπ’
1454 3440 1664 3484 ἀλλήλοισιν
1687 3438 1953 3492 ἀμφικείμενοι
1974 3436 2063 3486 λύγ-

1193 3506 1255 3552 ὃην
1280 3507 1407 3547 ἔκλαον
1434 3510 1584 3552 πάντες.
1604 3505 1748 3544 Eodem
1763 3516 1876 3544 sensu
1890 3505 1981 3558 περὶ
1998 3515 2061 3553 ap.

1191 3573 1305 3614 eund.
1322 3575 1417 3614 Ant.
1435 3574 1566 3613 1225:
1599 3578 1720 3614 κεῖται
1752 3572 1790 3612 δὲ
1819 3574 1943 3626 νεκρὸς
1973 3572 2065 3623 περὶ
