<?xml version="1.0" encoding="UTF-8"?>
<!DOCTYPE html PUBLIC "-//W3C//DTD XHTML 1.0 Transitional//EN"
    "http://www.w3.org/TR/xhtml1/DTD/xhtml1-transitional.dtd">
<html xmlns="http://www.w3.org/1999/xhtml" xml:lang="en" lang="en">
 <head>
  <title>
</title>
<meta http-equiv="Content-Type" content="text/html;charset=utf-8" />
  <meta name='ocr-system' content='tesseract 3.04.00' />
  <meta name='ocr-capabilities' content='ocr_page ocr_carea ocr_par ocr_line ocrx_word'/>
</head>
<body>
  <div class='ocr_page' id='page_1' title='image "agamemnonrecensu00aescuoft_0141.png"; bbox 0 0 2340 3958; ppageno 0'>
   <div class='ocr_carea' id='block_1_1' title="bbox 793 161 2005 211">
    <p class='ocr_par' dir='ltr' id='par_1_1' title="bbox 793 161 2005 211">
     <span class='ocr_line' id='line_1_1' title="bbox 793 161 2005 211; baseline -0.005 0"><span class='ocrx_word' id='word_1_1' title='bbox 793 164 862 211; x_wconf 91' lang='lat' dir='ltr'>IN</span> <span class='ocrx_word' id='word_1_2' title='bbox 895 161 1414 210; x_wconf 77' lang='lat' dir='ltr'>AGAMEMNONEM.</span> <span class='ocrx_word' id='word_1_3' title='bbox 1914 161 1937 205; x_wconf 83' lang='lat'>1</span> <span class='ocrx_word' id='word_1_4' title='bbox 1947 163 1972 206; x_wconf 75' lang='lat'>2</span> <span class='ocrx_word' id='word_1_5' title='bbox 1980 163 2005 205; x_wconf 83' lang='lat'>3</span> 
     </span>
    </p>
   </div>
   <div class='ocr_carea' id='block_1_2' title="bbox 196 310 2029 2316">
    <p class='ocr_par' dir='ltr' id='par_1_2' title="bbox 196 310 2029 2316">
     <span class='ocr_line' id='line_1_2' title="bbox 196 310 2011 378; baseline -0.003 -14"><span class='ocrx_word' id='word_1_6' title='bbox 196 317 366 364; x_wconf 86' lang='lat' dir='ltr'>habent</span> <span class='ocrx_word' id='word_1_7' title='bbox 388 317 501 378; x_wconf 70' lang='grc' dir='ltr'><strong><em>νέφη</em></strong></span> <span class='ocrx_word' id='word_1_8' title='bbox 532 316 593 366; x_wconf 90' lang='grc' dir='ltr'>δι’</span> <span class='ocrx_word' id='word_1_9' title='bbox 620 318 823 377; x_wconf 72' lang='grc' dir='ltr'><strong><em>ὑδρηλοὶ,</em></strong></span> <span class='ocrx_word' id='word_1_10' title='bbox 849 314 1092 361; x_wconf 87' lang='lat' dir='ltr'>manifesto</span> <span class='ocrx_word' id='word_1_11' title='bbox 1117 314 1230 360; x_wconf 91' lang='lat' dir='ltr'>item</span> <span class='ocrx_word' id='word_1_12' title='bbox 1254 315 1543 375; x_wconf 85' lang='lat' dir='ltr'>corruptum,</span> <span class='ocrx_word' id='word_1_13' title='bbox 1563 327 1646 375; x_wconf 88' lang='lat' dir='ltr'>pro</span> <span class='ocrx_word' id='word_1_14' title='bbox 1671 326 1763 374; x_wconf 92' lang='lat' dir='ltr'>quo</span> <span class='ocrx_word' id='word_1_15' title='bbox 1786 310 2011 359; x_wconf 90' lang='lat' dir='ltr'>Herman-</span> 
     </span>
     <span class='ocr_line' id='line_1_3' title="bbox 196 395 2009 464; baseline -0.001 -16"><span class='ocrx_word' id='word_1_16' title='bbox 196 418 284 448; x_wconf 89' lang='lat' dir='ltr'>nus</span> <span class='ocrx_word' id='word_1_17' title='bbox 306 401 488 464; x_wconf 86' lang='lat' dir='ltr'>scripsit</span> <span class='ocrx_word' id='word_1_18' title='bbox 511 401 724 462; x_wconf 80' lang='grc' dir='ltr'><strong><em>κύφελλ’</em></strong></span> <span class='ocrx_word' id='word_1_19' title='bbox 746 401 926 461; x_wconf 74' lang='grc' dir='ltr'>ὑδρηλεί</span> <span class='ocrx_word' id='word_1_20' title='bbox 946 436 956 455; x_wconf 89' lang='grc'><strong>,</strong></span> <span class='ocrx_word' id='word_1_21' title='bbox 981 396 1266 461; x_wconf 84' lang='lat' dir='ltr'>probabilius</span> <span class='ocrx_word' id='word_1_22' title='bbox 1288 413 1397 443; x_wconf 89' lang='lat' dir='ltr'>vero</span> <span class='ocrx_word' id='word_1_23' title='bbox 1417 395 1683 443; x_wconf 73' lang='lat' dir='ltr'>Dindoffius</span> <span class='ocrx_word' id='word_1_24' title='bbox 1700 396 1816 455; x_wconf 67' lang='grc' dir='ltr'><strong><em>νέφη</em></strong></span> <span class='ocrx_word' id='word_1_25' title='bbox 1838 397 2009 458; x_wconf 81' lang='grc' dir='ltr'><strong><em>δὶυδρα.</em></strong></span> 
     </span>
     <span class='ocr_line' id='line_1_4' title="bbox 199 464 2012 547; baseline -0.002 -14"><span class='ocrx_word' id='word_1_26' title='bbox 199 487 384 532; x_wconf 87' lang='lat' dir='ltr'>Scatent</span> <span class='ocrx_word' id='word_1_27' title='bbox 416 485 679 547; x_wconf 87' lang='lat' dir='ltr'>hujusmodi</span> <span class='ocrx_word' id='word_1_28' title='bbox 712 483 922 531; x_wconf 89' lang='lat' dir='ltr'>sordibus</span> <span class='ocrx_word' id='word_1_29' title='bbox 956 482 1174 545; x_wconf 85' lang='lat' dir='ltr'><strong>Aeschyli</strong></span> <span class='ocrx_word' id='word_1_30' title='bbox 1211 481 1402 528; x_wconf 87' lang='lat' dir='ltr'>codices.</span> <span class='ocrx_word' id='word_1_31' title='bbox 1470 482 1526 528; x_wconf 92' lang='lat' dir='ltr'>In</span> <span class='ocrx_word' id='word_1_32' title='bbox 1560 481 1684 528; x_wconf 77' lang='lat' dir='ltr'>Pers,</span> <span class='ocrx_word' id='word_1_33' title='bbox 1707 497 1771 528; x_wconf 81' lang='lat' dir='ltr'>VS.</span> <span class='ocrx_word' id='word_1_34' title='bbox 1798 464 2012 529; x_wconf 65' lang='grc'><strong>103816-</strong></span> 
     </span>
     <span class='ocr_line' id='line_1_5' title="bbox 199 566 2012 631; baseline -0.001 -17"><span class='ocrx_word' id='word_1_35' title='bbox 199 569 321 631; x_wconf 84' lang='lat' dir='ltr'>gitur</span> <span class='ocrx_word' id='word_1_36' title='bbox 341 569 484 618; x_wconf 81' lang='grc' dir='ltr'><strong><em>δὶαινε</em></strong></span> <span class='ocrx_word' id='word_1_37' title='bbox 516 569 659 618; x_wconf 82' lang='grc' dir='ltr'><strong><em>δίαινε</em></strong></span> <span class='ocrx_word' id='word_1_38' title='bbox 689 570 822 627; x_wconf 74' lang='grc' dir='ltr'><strong><em>πῆμα</em></strong></span> <span class='ocrx_word' id='word_1_39' title='bbox 839 605 850 623; x_wconf 90' lang='grc'>,</span> <span class='ocrx_word' id='word_1_40' title='bbox 888 566 937 612; x_wconf 92' lang='lat' dir='ltr'>in</span> <span class='ocrx_word' id='word_1_41' title='bbox 960 582 1052 629; x_wconf 93' lang='lat' dir='ltr'>quo</span> <span class='ocrx_word' id='word_1_42' title='bbox 1078 566 1272 613; x_wconf 89' lang='lat' dir='ltr'>alterum</span> <span class='ocrx_word' id='word_1_43' title='bbox 1296 567 1440 616; x_wconf 79' lang='grc' dir='ltr'><strong><em>δίαινε</em></strong></span> <span class='ocrx_word' id='word_1_44' title='bbox 1465 566 1504 613; x_wconf 90' lang='lat' dir='ltr'>si</span> <span class='ocrx_word' id='word_1_45' title='bbox 1529 583 1693 613; x_wconf 86' lang='lat' dir='ltr'>sanum</span> <span class='ocrx_word' id='word_1_46' title='bbox 1717 570 1865 623; x_wconf 80' lang='lat' dir='ltr'>esset,</span> <span class='ocrx_word' id='word_1_47' title='bbox 1890 566 2012 630; x_wconf 90' lang='lat' dir='ltr'>syni-</span> 
     </span>
     <span class='ocr_line' id='line_1_6' title="bbox 200 649 2013 716; baseline -0.002 -15"><span class='ocrx_word' id='word_1_48' title='bbox 200 653 325 701; x_wconf 88' lang='lat' dir='ltr'>zesin</span> <span class='ocrx_word' id='word_1_49' title='bbox 372 653 623 716; x_wconf 89' lang='lat' dir='ltr'>requireret</span> <span class='ocrx_word' id='word_1_50' title='bbox 638 673 651 708; x_wconf 90' lang='lat'>;</span> <span class='ocrx_word' id='word_1_51' title='bbox 702 651 782 698; x_wconf 90' lang='lat' dir='ltr'>sed</span> <span class='ocrx_word' id='word_1_52' title='bbox 831 650 1023 697; x_wconf 85' lang='lat' dir='ltr'>verbum</span> <span class='ocrx_word' id='word_1_53' title='bbox 1073 649 1161 696; x_wconf 93' lang='lat' dir='ltr'>hoc</span> <span class='ocrx_word' id='word_1_54' title='bbox 1214 655 1338 696; x_wconf 88' lang='lat' dir='ltr'>caret</span> <span class='ocrx_word' id='word_1_55' title='bbox 1390 667 1530 697; x_wconf 89' lang='lat' dir='ltr'>sensu</span> <span class='ocrx_word' id='word_1_56' title='bbox 1547 689 1558 707; x_wconf 95' lang='lat'>,</span> <span class='ocrx_word' id='word_1_57' title='bbox 1603 667 1687 714; x_wconf 89' lang='lat' dir='ltr'>pro</span> <span class='ocrx_word' id='word_1_58' title='bbox 1728 667 1819 714; x_wconf 90' lang='lat' dir='ltr'>quo</span> <span class='ocrx_word' id='word_1_59' title='bbox 1853 654 2013 714; x_wconf 75' lang='lat' dir='ltr'>aPtum</span> 
     </span>
     <span class='ocr_line' id='line_1_7' title="bbox 201 733 2016 799; baseline -0.002 -13"><span class='ocrx_word' id='word_1_60' title='bbox 201 739 286 786; x_wconf 89' lang='lat' dir='ltr'>erit</span> <span class='ocrx_word' id='word_1_61' title='bbox 318 736 471 799; x_wconf 79' lang='grc' dir='ltr'><strong><em>α’ίαζ’,</em></strong></span> <span class='ocrx_word' id='word_1_62' title='bbox 500 738 638 798; x_wconf 84' lang='grc' dir='ltr'><strong><em>α’ίαζε</em></strong></span> <span class='ocrx_word' id='word_1_63' title='bbox 673 739 803 795; x_wconf 71' lang='grc' dir='ltr'>πῆμα</span> <span class='ocrx_word' id='word_1_64' title='bbox 830 760 894 768; x_wconf 91' lang='lat'>-—</span> <span class='ocrx_word' id='word_1_65' title='bbox 925 733 973 780; x_wconf 90' lang='lat' dir='ltr'>in</span> <span class='ocrx_word' id='word_1_66' title='bbox 1009 734 1152 779; x_wconf 86' lang='lat' dir='ltr'>altero</span> <span class='ocrx_word' id='word_1_67' title='bbox 1187 736 1325 797; x_wconf 81' lang='grc' dir='ltr'><strong><em>α’ίαζε</em></strong></span> <span class='ocrx_word' id='word_1_68' title='bbox 1367 733 1706 797; x_wconf 79' lang='lat' dir='ltr'>diphthongum</span> <span class='ocrx_word' id='word_1_69' title='bbox 1745 740 1851 782; x_wconf 86' lang='lat' dir='ltr'>ante</span> <span class='ocrx_word' id='word_1_70' title='bbox 1885 753 2016 783; x_wconf 89' lang='lat' dir='ltr'>voca-</span> 
     </span>
     <span class='ocr_line' id='line_1_8' title="bbox 199 816 2015 883; baseline -0.002 -14"><span class='ocrx_word' id='word_1_71' title='bbox 199 822 292 869; x_wconf 91' lang='lat' dir='ltr'>lem</span> <span class='ocrx_word' id='word_1_72' title='bbox 335 818 502 881; x_wconf 84' lang='lat' dir='ltr'>corripi</span> <span class='ocrx_word' id='word_1_73' title='bbox 534 817 718 873; x_wconf 86' lang='lat' dir='ltr'>licebit3</span> <span class='ocrx_word' id='word_1_74' title='bbox 766 816 971 879; x_wconf 88' lang='lat' dir='ltr'>alioquin</span> <span class='ocrx_word' id='word_1_75' title='bbox 1013 816 1151 862; x_wconf 84' lang='lat' dir='ltr'>scribi</span> <span class='ocrx_word' id='word_1_76' title='bbox 1191 816 1329 863; x_wconf 90' lang='lat' dir='ltr'>etiam</span> <span class='ocrx_word' id='word_1_77' title='bbox 1361 822 1519 880; x_wconf 86' lang='lat' dir='ltr'>posset</span> <span class='ocrx_word' id='word_1_78' title='bbox 1555 821 1706 882; x_wconf 72' lang='grc' dir='ltr'><strong><em>α’ίαζ,</em></strong></span> <span class='ocrx_word' id='word_1_79' title='bbox 1727 822 1859 883; x_wconf 66' lang='grc' dir='ltr'><strong><em>ἴυζε,</em></strong></span> <span class='ocrx_word' id='word_1_80' title='bbox 1897 821 2015 868; x_wconf 87' lang='lat' dir='ltr'>sicut</span> 
     </span>
     <span class='ocr_line' id='line_1_9' title="bbox 202 900 2017 974; baseline 0 -22"><span class='ocrx_word' id='word_1_81' title='bbox 202 906 475 970; x_wconf 77' lang='lat' dir='ltr'>copulantur</span> <span class='ocrx_word' id='word_1_82' title='bbox 527 901 576 953; x_wconf 66' lang='lat'>203</span> <span class='ocrx_word' id='word_1_83' title='bbox 615 903 686 958; x_wconf 79' lang='grc' dir='ltr'>Ξῆ,</span> <span class='ocrx_word' id='word_1_84' title='bbox 741 900 934 965; x_wconf 87' lang='lat' dir='ltr'>aliaque.</span> <span class='ocrx_word' id='word_1_85' title='bbox 1002 900 1217 964; x_wconf 90' lang='lat' dir='ltr'>Denique</span> <span class='ocrx_word' id='word_1_86' title='bbox 1252 900 1301 947; x_wconf 90' lang='lat' dir='ltr'>in</span> <span class='ocrx_word' id='word_1_87' title='bbox 1334 901 1420 948; x_wconf 88' lang='lat' dir='ltr'>hac</span> <span class='ocrx_word' id='word_1_88' title='bbox 1454 903 1611 949; x_wconf 88' lang='lat' dir='ltr'>fabula</span> <span class='ocrx_word' id='word_1_89' title='bbox 1645 920 1709 951; x_wconf 86' lang='lat' dir='ltr'>vs.</span> <span class='ocrx_word' id='word_1_90' title='bbox 1749 907 1839 952; x_wconf 87' lang='lat'>115</span> <span class='ocrx_word' id='word_1_91' title='bbox 1878 907 2017 974; x_wconf 83' lang='grc'><strong>(110)</strong></span> 
     </span>
     <span class='ocr_line' id='line_1_10' title="bbox 200 984 2020 1047; baseline -0.001 -9"><span class='ocrx_word' id='word_1_92' title='bbox 200 990 421 1038; x_wconf 90' lang='lat' dir='ltr'>librorum</span> <span class='ocrx_word' id='word_1_93' title='bbox 457 986 594 1033; x_wconf 89' lang='lat' dir='ltr'>lectio</span> <span class='ocrx_word' id='word_1_94' title='bbox 635 987 802 1047; x_wconf 70' lang='grc' dir='ltr'><strong><em>ἀργίας</em></strong></span> <span class='ocrx_word' id='word_1_95' title='bbox 823 1023 835 1041; x_wconf 88' lang='grc'>,</span> <span class='ocrx_word' id='word_1_96' title='bbox 873 985 912 1031; x_wconf 90' lang='lat' dir='ltr'>si</span> <span class='ocrx_word' id='word_1_97' title='bbox 950 1001 1061 1031; x_wconf 88' lang='lat' dir='ltr'>sana</span> <span class='ocrx_word' id='word_1_98' title='bbox 1100 988 1249 1041; x_wconf 88' lang='lat' dir='ltr'>esset,</span> <span class='ocrx_word' id='word_1_99' title='bbox 1285 984 1592 1047; x_wconf 70' lang='grc' dir='ltr'>δισυλλάβως</span> <span class='ocrx_word' id='word_1_100' title='bbox 1626 988 1745 1035; x_wconf 84' lang='lat' dir='ltr'>foret</span> <span class='ocrx_word' id='word_1_101' title='bbox 1778 990 2020 1037; x_wconf 88' lang='lat' dir='ltr'>enuntian-</span> 
     </span>
     <span class='ocr_line' id='line_1_11' title="bbox 204 1069 2012 1132; baseline 0.001 -12"><span class='ocrx_word' id='word_1_102' title='bbox 204 1073 290 1130; x_wconf 87' lang='lat' dir='ltr'>da,</span> <span class='ocrx_word' id='word_1_103' title='bbox 324 1076 377 1119; x_wconf 84' lang='lat' dir='ltr'>ut</span> <span class='ocrx_word' id='word_1_104' title='bbox 409 1071 559 1118; x_wconf 90' lang='lat' dir='ltr'>visum</span> <span class='ocrx_word' id='word_1_105' title='bbox 592 1069 824 1116; x_wconf 89' lang='lat' dir='ltr'>Lobeckio</span> <span class='ocrx_word' id='word_1_106' title='bbox 842 1090 854 1126; x_wconf 88' lang='lat'>;</span> <span class='ocrx_word' id='word_1_107' title='bbox 892 1069 975 1116; x_wconf 84' lang='lat' dir='ltr'>sed</span> <span class='ocrx_word' id='word_1_108' title='bbox 1011 1069 1076 1116; x_wconf 90' lang='lat' dir='ltr'>ibi</span> <span class='ocrx_word' id='word_1_109' title='bbox 1101 1069 1205 1130; x_wconf 90' lang='lat' dir='ltr'>jure</span> <span class='ocrx_word' id='word_1_110' title='bbox 1231 1071 1312 1132; x_wconf 65' lang='grc' dir='ltr'>αρν)</span> <span class='ocrx_word' id='word_1_111' title='bbox 1327 1076 1381 1127; x_wconf 63' lang='lat'>222,-</span> <span class='ocrx_word' id='word_1_112' title='bbox 1408 1070 1573 1127; x_wconf 88' lang='lat' dir='ltr'>scribi,</span> <span class='ocrx_word' id='word_1_113' title='bbox 1607 1071 1727 1118; x_wconf 86' lang='lat' dir='ltr'>infra</span> <span class='ocrx_word' id='word_1_114' title='bbox 1757 1074 2012 1122; x_wconf 88' lang='lat' dir='ltr'>ostendam.</span> 
     </span>
     <span class='ocr_line' id='line_1_12' title="bbox 203 1153 2018 1217; baseline -0.001 -12"><span class='ocrx_word' id='word_1_115' title='bbox 203 1158 279 1205; x_wconf 91' lang='lat' dir='ltr'>Sic</span> <span class='ocrx_word' id='word_1_116' title='bbox 319 1173 377 1204; x_wconf 81' lang='lat' dir='ltr'>ex</span> <span class='ocrx_word' id='word_1_117' title='bbox 418 1153 635 1217; x_wconf 78' lang='lat' dir='ltr'>Aeschyli</span> <span class='ocrx_word' id='word_1_118' title='bbox 685 1153 799 1200; x_wconf 89' lang='lat' dir='ltr'>locis</span> <span class='ocrx_word' id='word_1_119' title='bbox 844 1153 1063 1216; x_wconf 87' lang='lat' dir='ltr'>synizesis</span> <span class='ocrx_word' id='word_1_120' title='bbox 1100 1153 1328 1199; x_wconf 87' lang='lat' dir='ltr'>vocalium</span> <span class='ocrx_word' id='word_1_121' title='bbox 1362 1173 1443 1209; x_wconf 86' lang='grc' dir='ltr'>ια,</span> <span class='ocrx_word' id='word_1_122' title='bbox 1479 1175 1522 1202; x_wconf 90' lang='grc' dir='ltr'>ιυ</span> <span class='ocrx_word' id='word_1_123' title='bbox 1558 1156 1756 1203; x_wconf 89' lang='lat' dir='ltr'>evanuit.</span> <span class='ocrx_word' id='word_1_124' title='bbox 1824 1158 2018 1204; x_wconf 79' lang='lat' dir='ltr'>Restant</span> 
     </span>
     <span class='ocr_line' id='line_1_13' title="bbox 204 1236 2021 1304; baseline 0.002 -16"><span class='ocrx_word' id='word_1_125' title='bbox 204 1241 282 1288; x_wconf 89' lang='lat' dir='ltr'>alii</span> <span class='ocrx_word' id='word_1_126' title='bbox 337 1239 525 1304; x_wconf 91' lang='lat' dir='ltr'>quidem</span> <span class='ocrx_word' id='word_1_127' title='bbox 574 1236 697 1294; x_wconf 89' lang='lat' dir='ltr'>loci,</span> <span class='ocrx_word' id='word_1_128' title='bbox 750 1241 803 1284; x_wconf 88' lang='lat' dir='ltr'>ut</span> <span class='ocrx_word' id='word_1_129' title='bbox 853 1236 927 1283; x_wconf 88' lang='lat' dir='ltr'>hic</span> <span class='ocrx_word' id='word_1_130' title='bbox 979 1236 1217 1300; x_wconf 83' lang='lat' dir='ltr'>Sophoclis</span> <span class='ocrx_word' id='word_1_131' title='bbox 1259 1236 1376 1284; x_wconf 92' lang='lat' dir='ltr'>Oed.</span> <span class='ocrx_word' id='word_1_132' title='bbox 1413 1237 1508 1284; x_wconf 88' lang='lat' dir='ltr'>Col.</span> <span class='ocrx_word' id='word_1_133' title='bbox 1542 1255 1606 1285; x_wconf 90' lang='lat' dir='ltr'>vs.</span> <span class='ocrx_word' id='word_1_134' title='bbox 1645 1241 1800 1287; x_wconf 73' lang='lat'>1465:</span> <span class='ocrx_word' id='word_1_135' title='bbox 1836 1241 2021 1302; x_wconf 71' lang='grc' dir='ltr'><strong><em>οὐρανία</em></strong></span> 
     </span>
     <span class='ocr_line' id='line_1_14' title="bbox 204 1320 2023 1389; baseline -0.003 -14"><span class='ocrx_word' id='word_1_136' title='bbox 204 1331 293 1389; x_wconf 70' lang='grc' dir='ltr'>γὰρ</span> <span class='ocrx_word' id='word_1_137' title='bbox 329 1327 548 1386; x_wconf 68' lang='grc' dir='ltr'>ἀστραπὴ</span> <span class='ocrx_word' id='word_1_138' title='bbox 589 1323 771 1384; x_wconf 70' lang='grc' dir='ltr'>’φλέγει</span> <span class='ocrx_word' id='word_1_139' title='bbox 805 1326 982 1377; x_wconf 72' lang='grc' dir='ltr'><strong><em>πάλιν,</em></strong></span> <span class='ocrx_word' id='word_1_140' title='bbox 1033 1337 1117 1384; x_wconf 86' lang='lat' dir='ltr'>pro</span> <span class='ocrx_word' id='word_1_141' title='bbox 1170 1337 1262 1385; x_wconf 92' lang='lat' dir='ltr'>quo</span> <span class='ocrx_word' id='word_1_142' title='bbox 1309 1320 1436 1385; x_wconf 91' lang='lat' dir='ltr'>quod</span> <span class='ocrx_word' id='word_1_143' title='bbox 1483 1321 1782 1371; x_wconf 86' lang='lat' dir='ltr'>Hermannus</span> <span class='ocrx_word' id='word_1_144' title='bbox 1829 1323 2023 1385; x_wconf 84' lang='lat' dir='ltr'>conjecit</span> 
     </span>
     <span class='ocr_line' id='line_1_15' title="bbox 204 1404 2023 1471; baseline 0 -17"><span class='ocrx_word' id='word_1_145' title='bbox 204 1410 393 1471; x_wconf 66' lang='grc' dir='ltr'><strong><em>οὐράνιαι</em></strong></span> <span class='ocrx_word' id='word_1_146' title='bbox 431 1409 665 1467; x_wconf 90' lang='lat' dir='ltr'>(neutrum</span> <span class='ocrx_word' id='word_1_147' title='bbox 704 1422 789 1469; x_wconf 90' lang='lat' dir='ltr'>pro</span> <span class='ocrx_word' id='word_1_148' title='bbox 825 1404 1090 1466; x_wconf 86' lang='lat' dir='ltr'>adverbio),</span> <span class='ocrx_word' id='word_1_149' title='bbox 1137 1404 1348 1468; x_wconf 88' lang='lat' dir='ltr'>ineptum</span> <span class='ocrx_word' id='word_1_150' title='bbox 1383 1409 1452 1451; x_wconf 90' lang='lat' dir='ltr'>est</span> <span class='ocrx_word' id='word_1_151' title='bbox 1469 1426 1481 1462; x_wconf 79' lang='lat'>3</span> <span class='ocrx_word' id='word_1_152' title='bbox 1521 1405 1675 1468; x_wconf 87' lang='lat' dir='ltr'>ipsum</span> <span class='ocrx_word' id='word_1_153' title='bbox 1708 1422 1816 1454; x_wconf 88' lang='lat' dir='ltr'>vero</span> <span class='ocrx_word' id='word_1_154' title='bbox 1849 1406 2023 1469; x_wconf 86' lang='lat' dir='ltr'>epithe-</span> 
     </span>
     <span class='ocr_line' id='line_1_16' title="bbox 205 1488 2024 1552; baseline 0 -13"><span class='ocrx_word' id='word_1_155' title='bbox 205 1495 286 1539; x_wconf 91' lang='lat' dir='ltr'>ton</span> <span class='ocrx_word' id='word_1_156' title='bbox 337 1492 522 1552; x_wconf 76' lang='grc' dir='ltr'><strong><em>οὐρανῖα</em></strong></span> <span class='ocrx_word' id='word_1_157' title='bbox 573 1506 627 1537; x_wconf 83' lang='grc'>00</span> <span class='ocrx_word' id='word_1_158' title='bbox 676 1489 778 1536; x_wconf 91' lang='grc'><strong>1000</strong></span> <span class='ocrx_word' id='word_1_159' title='bbox 833 1489 999 1551; x_wconf 85' lang='lat' dir='ltr'>frigere</span> <span class='ocrx_word' id='word_1_160' title='bbox 1039 1488 1266 1552; x_wconf 90' lang='lat' dir='ltr'>quisque,</span> <span class='ocrx_word' id='word_1_161' title='bbox 1306 1488 1470 1546; x_wconf 91' lang='lat' dir='ltr'>credo,</span> <span class='ocrx_word' id='word_1_162' title='bbox 1516 1494 1746 1551; x_wconf 83' lang='lat' dir='ltr'>agnoscat.</span> <span class='ocrx_word' id='word_1_163' title='bbox 1814 1492 2024 1539; x_wconf 87' lang='lat' dir='ltr'>Scriben-</span> 
     </span>
     <span class='ocr_line' id='line_1_17' title="bbox 208 1573 2023 1639; baseline 0.002 -18"><span class='ocrx_word' id='word_1_164' title='bbox 208 1575 319 1622; x_wconf 90' lang='lat' dir='ltr'>dum</span> <span class='ocrx_word' id='word_1_165' title='bbox 367 1591 451 1638; x_wconf 91' lang='lat' dir='ltr'>pro</span> <span class='ocrx_word' id='word_1_166' title='bbox 500 1576 588 1622; x_wconf 94' lang='lat' dir='ltr'>hoc</span> <span class='ocrx_word' id='word_1_167' title='bbox 640 1577 789 1635; x_wconf 77' lang='grc' dir='ltr'><strong><em>Θουρία</em></strong></span> <span class='ocrx_word' id='word_1_168' title='bbox 833 1579 921 1636; x_wconf 65' lang='lat'>73⁶⁰</span> <span class='ocrx_word' id='word_1_169' title='bbox 965 1577 1216 1636; x_wconf 66' lang='grc' dir='ltr'>ἀστραπὴ,</span> <span class='ocrx_word' id='word_1_170' title='bbox 1273 1573 1393 1620; x_wconf 87' lang='lat' dir='ltr'>sicut</span> <span class='ocrx_word' id='word_1_171' title='bbox 1426 1574 1682 1638; x_wconf 86' lang='lat' dir='ltr'>Aeschylus</span> <span class='ocrx_word' id='word_1_172' title='bbox 1731 1576 1892 1639; x_wconf 87' lang='lat' dir='ltr'>Agam.</span> <span class='ocrx_word' id='word_1_173' title='bbox 1930 1580 2023 1624; x_wconf 79' lang='lat'>112</span> 
     </span>
     <span class='ocr_line' id='line_1_18' title="bbox 209 1656 2024 1721; baseline 0.003 -18"><span class='ocrx_word' id='word_1_174' title='bbox 209 1660 320 1707; x_wconf 80' lang='lat' dir='ltr'>dicit</span> <span class='ocrx_word' id='word_1_175' title='bbox 369 1664 534 1720; x_wconf 67' lang='grc' dir='ltr'><strong><em>θούριος</em></strong></span> <span class='ocrx_word' id='word_1_176' title='bbox 583 1659 725 1719; x_wconf 67' lang='grc' dir='ltr'><strong><em>ὅρνις,</em></strong></span> <span class='ocrx_word' id='word_1_177' title='bbox 782 1656 909 1721; x_wconf 89' lang='lat' dir='ltr'>quod</span> <span class='ocrx_word' id='word_1_178' title='bbox 964 1657 1102 1719; x_wconf 88' lang='lat' dir='ltr'>plane</span> <span class='ocrx_word' id='word_1_179' title='bbox 1161 1658 1363 1704; x_wconf 86' lang='lat' dir='ltr'>concinit</span> <span class='ocrx_word' id='word_1_180' title='bbox 1411 1674 1680 1721; x_wconf 83' lang='lat' dir='ltr'>praegresso</span> <span class='ocrx_word' id='word_1_181' title='bbox 1731 1660 1842 1708; x_wconf 88' lang='lat' dir='ltr'>ibid.</span> <span class='ocrx_word' id='word_1_182' title='bbox 1897 1664 2024 1709; x_wconf 80' lang='lat'>1460</span> 
     </span>
     <span class='ocr_line' id='line_1_19' title="bbox 209 1741 2027 1808; baseline 0 -15"><span class='ocrx_word' id='word_1_183' title='bbox 209 1751 446 1806; x_wconf 71' lang='grc' dir='ltr'><strong><em>πτερωτός</em></strong></span> <span class='ocrx_word' id='word_1_184' title='bbox 493 1747 675 1805; x_wconf 72' lang='grc' dir='ltr'><strong><em>βροντή.</em></strong></span> <span class='ocrx_word' id='word_1_185' title='bbox 747 1741 1068 1804; x_wconf 78' lang='lat' dir='ltr'>Aristophanis</span> <span class='ocrx_word' id='word_1_186' title='bbox 1128 1742 1315 1806; x_wconf 85' lang='lat' dir='ltr'>quidam</span> <span class='ocrx_word' id='word_1_187' title='bbox 1372 1759 1560 1800; x_wconf 89' lang='lat' dir='ltr'>versus,</span> <span class='ocrx_word' id='word_1_188' title='bbox 1623 1743 1672 1791; x_wconf 91' lang='lat' dir='ltr'>in</span> <span class='ocrx_word' id='word_1_189' title='bbox 1729 1744 1898 1808; x_wconf 87' lang='lat' dir='ltr'>quibus</span> <span class='ocrx_word' id='word_1_190' title='bbox 1949 1747 2027 1796; x_wconf 65' lang='grc' dir='ltr'>διὰ</span> 
     </span>
     <span class='ocr_line' id='line_1_20' title="bbox 210 1826 2026 1893; baseline 0.001 -19"><span class='ocrx_word' id='word_1_191' title='bbox 210 1827 406 1891; x_wconf 89' lang='lat' dir='ltr'>synizesi</span> <span class='ocrx_word' id='word_1_192' title='bbox 458 1827 742 1874; x_wconf 87' lang='lat' dir='ltr'>efferendum</span> <span class='ocrx_word' id='word_1_193' title='bbox 797 1831 923 1882; x_wconf 89' lang='lat' dir='ltr'>erat,</span> <span class='ocrx_word' id='word_1_194' title='bbox 969 1826 1066 1888; x_wconf 89' lang='lat' dir='ltr'>jam</span> <span class='ocrx_word' id='word_1_195' title='bbox 1106 1827 1298 1874; x_wconf 87' lang='lat' dir='ltr'>correcti</span> <span class='ocrx_word' id='word_1_196' title='bbox 1343 1831 1480 1884; x_wconf 90' lang='lat' dir='ltr'>sunt,</span> <span class='ocrx_word' id='word_1_197' title='bbox 1521 1832 1575 1875; x_wconf 91' lang='lat' dir='ltr'>ut</span> <span class='ocrx_word' id='word_1_198' title='bbox 1613 1829 1736 1876; x_wconf 87' lang='lat' dir='ltr'>Eccl.</span> <span class='ocrx_word' id='word_1_199' title='bbox 1780 1832 1905 1876; x_wconf 88' lang='grc'><strong>1156</strong></span> <span class='ocrx_word' id='word_1_200' title='bbox 1942 1846 2026 1893; x_wconf 90' lang='lat' dir='ltr'>pro</span> 
     </span>
     <span class='ocr_line' id='line_1_21' title="bbox 207 1911 2025 1975; baseline 0.001 -17"><span class='ocrx_word' id='word_1_201' title='bbox 207 1915 281 1963; x_wconf 68' lang='grc' dir='ltr'>διὰ</span> <span class='ocrx_word' id='word_1_202' title='bbox 317 1917 396 1963; x_wconf 69' lang='grc' dir='ltr'>τὶν</span> <span class='ocrx_word' id='word_1_203' title='bbox 426 1913 580 1975; x_wconf 72' lang='grc' dir='ltr'><strong><em>γέλων</em></strong></span> <span class='ocrx_word' id='word_1_204' title='bbox 614 1911 848 1958; x_wconf 91' lang='lat' dir='ltr'>Porsonus</span> <span class='ocrx_word' id='word_1_205' title='bbox 889 1912 966 1960; x_wconf 79' lang='grc' dir='ltr'><strong><em>διῑι</em></strong></span> <span class='ocrx_word' id='word_1_206' title='bbox 1007 1916 1060 1962; x_wconf 72' lang='grc' dir='ltr'>τῦ</span> <span class='ocrx_word' id='word_1_207' title='bbox 1094 1918 1264 1974; x_wconf 76' lang='grc' dir='ltr'><strong><em>γελῶν.</em></strong></span> <span class='ocrx_word' id='word_1_208' title='bbox 1307 1911 1484 1959; x_wconf 88' lang='lat' dir='ltr'>Omitto</span> <span class='ocrx_word' id='word_1_209' title='bbox 1509 1917 1696 1962; x_wconf 91' lang='lat' dir='ltr'>ceteros.</span> <span class='ocrx_word' id='word_1_210' title='bbox 1743 1913 1801 1960; x_wconf 91' lang='lat' dir='ltr'>In</span> <span class='ocrx_word' id='word_1_211' title='bbox 1821 1913 2025 1974; x_wconf 88' lang='lat' dir='ltr'>ejusdem</span> 
     </span>
     <span class='ocr_line' id='line_1_22' title="bbox 210 1995 2027 2059; baseline 0.001 -17"><span class='ocrx_word' id='word_1_212' title='bbox 210 1995 485 2059; x_wconf 86' lang='lat' dir='ltr'>Thesmoph.</span> <span class='ocrx_word' id='word_1_213' title='bbox 539 1997 660 2045; x_wconf 83' lang='lat'>706:</span> <span class='ocrx_word' id='word_1_214' title='bbox 712 1997 838 2047; x_wconf 74' lang='grc' dir='ltr'><strong><em>δεινα</em></strong></span> <span class='ocrx_word' id='word_1_215' title='bbox 886 1998 993 2055; x_wconf 77' lang='grc' dir='ltr'><strong><em>δῆθ’,</em></strong></span> <span class='ocrx_word' id='word_1_216' title='bbox 1041 2000 1144 2051; x_wconf 73' lang='grc' dir='ltr'>ὁτιή</span> <span class='ocrx_word' id='word_1_217' title='bbox 1187 2018 1220 2059; x_wconf 74' lang='grc' dir='ltr'><em>γ</em></span> <span class='ocrx_word' id='word_1_218' title='bbox 1275 1998 1380 2059; x_wconf 70' lang='grc' dir='ltr'><strong><em>ἔχει</em></strong></span> <span class='ocrx_word' id='word_1_219' title='bbox 1425 1997 1800 2059; x_wconf 72' lang='grc' dir='ltr'><strong><em>μοῧξαρπασας,</em></strong></span> <span class='ocrx_word' id='word_1_220' title='bbox 1847 1998 2027 2045; x_wconf 90' lang='lat' dir='ltr'>codices</span> 
     </span>
     <span class='ocr_line' id='line_1_23' title="bbox 209 2079 2027 2146; baseline 0.003 -20"><span class='ocrx_word' id='word_1_221' title='bbox 209 2079 380 2126; x_wconf 87' lang='lat' dir='ltr'>habent</span> <span class='ocrx_word' id='word_1_222' title='bbox 431 2080 504 2131; x_wconf 71' lang='grc' dir='ltr'>ὅτι</span> <span class='ocrx_word' id='word_1_223' title='bbox 551 2083 597 2144; x_wconf 75' lang='grc' dir='ltr'>γ’</span> <span class='ocrx_word' id='word_1_224' title='bbox 632 2083 766 2144; x_wconf 72' lang='grc' dir='ltr'><strong><em>ἔχει,</em></strong></span> <span class='ocrx_word' id='word_1_225' title='bbox 830 2098 914 2144; x_wconf 93' lang='lat' dir='ltr'>pro</span> <span class='ocrx_word' id='word_1_226' title='bbox 965 2098 1058 2146; x_wconf 94' lang='lat' dir='ltr'>quo</span> <span class='ocrx_word' id='word_1_227' title='bbox 1109 2081 1235 2128; x_wconf 89' lang='lat' dir='ltr'>idem</span> <span class='ocrx_word' id='word_1_228' title='bbox 1286 2082 1459 2144; x_wconf 88' lang='lat' dir='ltr'>optime</span> <span class='ocrx_word' id='word_1_229' title='bbox 1516 2084 1642 2140; x_wconf 73' lang='grc' dir='ltr'>δ’ςτις</span> <span class='ocrx_word' id='word_1_230' title='bbox 1691 2084 1738 2144; x_wconf 80' lang='grc' dir='ltr'>γ’</span> <span class='ocrx_word' id='word_1_231' title='bbox 1781 2084 1905 2145; x_wconf 69' lang='grc' dir='ltr'><strong><em>ἔχει.</em></strong></span> <span class='ocrx_word' id='word_1_232' title='bbox 1969 2084 2027 2131; x_wconf 87' lang='lat' dir='ltr'>In</span> 
     </span>
     <span class='ocr_line' id='line_1_24' title="bbox 210 2163 2029 2231; baseline 0.003 -21"><span class='ocrx_word' id='word_1_233' title='bbox 210 2163 425 2211; x_wconf 89' lang='lat' dir='ltr'>Nubibus</span> <span class='ocrx_word' id='word_1_234' title='bbox 473 2181 581 2212; x_wconf 88' lang='lat' dir='ltr'>vero</span> <span class='ocrx_word' id='word_1_235' title='bbox 630 2170 780 2213; x_wconf 84' lang='lat' dir='ltr'>exstat</span> <span class='ocrx_word' id='word_1_236' title='bbox 834 2183 1022 2223; x_wconf 86' lang='lat' dir='ltr'>versus,</span> <span class='ocrx_word' id='word_1_237' title='bbox 1080 2167 1130 2214; x_wconf 90' lang='lat' dir='ltr'>in</span> <span class='ocrx_word' id='word_1_238' title='bbox 1181 2183 1273 2230; x_wconf 92' lang='lat' dir='ltr'>quo</span> <span class='ocrx_word' id='word_1_239' title='bbox 1323 2167 1412 2213; x_wconf 89' lang='lat' dir='ltr'>hoc</span> <span class='ocrx_word' id='word_1_240' title='bbox 1463 2166 1619 2230; x_wconf 88' lang='lat' dir='ltr'>ipsum</span> <span class='ocrx_word' id='word_1_241' title='bbox 1671 2167 1728 2213; x_wconf 87' lang='lat' dir='ltr'>de</span> <span class='ocrx_word' id='word_1_242' title='bbox 1772 2184 1866 2231; x_wconf 93' lang='lat' dir='ltr'>quo</span> <span class='ocrx_word' id='word_1_243' title='bbox 1903 2185 2029 2216; x_wconf 89' lang='lat' dir='ltr'>nunc</span> 
     </span>
     <span class='ocr_line' id='line_1_25' title="bbox 210 2248 1887 2316; baseline 0.002 -21"><span class='ocrx_word' id='word_1_244' title='bbox 210 2248 474 2312; x_wconf 86' lang='lat' dir='ltr'>quaerimus</span> <span class='ocrx_word' id='word_1_245' title='bbox 505 2251 782 2299; x_wconf 86' lang='lat' dir='ltr'>vocabulum</span> <span class='ocrx_word' id='word_1_246' title='bbox 817 2252 1014 2316; x_wconf 88' lang='lat' dir='ltr'>synizesi</span> <span class='ocrx_word' id='word_1_247' title='bbox 1047 2252 1346 2299; x_wconf 84' lang='lat' dir='ltr'>enunciatum</span> <span class='ocrx_word' id='word_1_248' title='bbox 1379 2252 1561 2300; x_wconf 88' lang='lat' dir='ltr'>videtur</span> <span class='ocrx_word' id='word_1_249' title='bbox 1578 2291 1590 2309; x_wconf 88' lang='lat'>‚</span> <span class='ocrx_word' id='word_1_250' title='bbox 1625 2269 1690 2300; x_wconf 81' lang='lat' dir='ltr'>vs,</span> <span class='ocrx_word' id='word_1_251' title='bbox 1727 2250 1887 2299; x_wconf 72' lang='lat'>1171:</span> 
     </span>
    </p>
   </div>
   <div class='ocr_carea' id='block_1_3' title="bbox 619 2407 1607 2470">
    <p class='ocr_par' dir='ltr' id='par_1_3' title="bbox 619 2407 1607 2470">
     <span class='ocr_line' id='line_1_26' title="bbox 619 2407 1607 2470; baseline 0.001 -13"><span class='ocrx_word' id='word_1_252' title='bbox 619 2408 677 2457; x_wconf 69' lang='lat' dir='ltr'>‘lv&#39;</span> <span class='ocrx_word' id='word_1_253' title='bbox 711 2409 870 2465; x_wconf 76' lang='grc' dir='ltr'><strong><em>εὐθέως</em></strong></span> <span class='ocrx_word' id='word_1_254' title='bbox 901 2410 1161 2467; x_wconf 71' lang='grc' dir='ltr'><strong><em>διακονικὶς</em></strong></span> <span class='ocrx_word' id='word_1_255' title='bbox 1194 2407 1312 2458; x_wconf 76' lang='grc' dir='ltr'><strong><em>εἶναι</em></strong></span> <span class='ocrx_word' id='word_1_256' title='bbox 1344 2428 1419 2470; x_wconf 82' lang='grc' dir='ltr'><strong><em>μοι</em></strong></span> <span class='ocrx_word' id='word_1_257' title='bbox 1452 2409 1607 2469; x_wconf 72' lang='grc' dir='ltr'><strong><em>δοκῇς.</em></strong></span> 
     </span>
    </p>
   </div>
   <div class='ocr_carea' id='block_1_4' title="bbox 214 2554 2032 3296">
    <p class='ocr_par' dir='ltr' id='par_1_4' title="bbox 214 2554 2032 3296">
     <span class='ocr_line' id='line_1_27' title="bbox 216 2554 2030 2618; baseline 0.001 -15"><span class='ocrx_word' id='word_1_258' title='bbox 216 2555 307 2604; x_wconf 87' lang='lat' dir='ltr'>Sed</span> <span class='ocrx_word' id='word_1_259' title='bbox 345 2558 516 2603; x_wconf 88' lang='lat' dir='ltr'>attente</span> <span class='ocrx_word' id='word_1_260' title='bbox 566 2555 725 2618; x_wconf 84' lang='lat' dir='ltr'>legens</span> <span class='ocrx_word' id='word_1_261' title='bbox 775 2554 1112 2603; x_wconf 81' lang='lat' dir='ltr'>animadvertas</span> <span class='ocrx_word' id='word_1_262' title='bbox 1163 2555 1280 2602; x_wconf 88' lang='lat' dir='ltr'>illud</span> <span class='ocrx_word' id='word_1_263' title='bbox 1313 2575 1390 2617; x_wconf 86' lang='grc' dir='ltr'><strong><em>μοι</em></strong></span> <span class='ocrx_word' id='word_1_264' title='bbox 1425 2557 1561 2617; x_wconf 62' lang='grc' dir='ltr'><strong><em>δοκῇς</em></strong></span> <span class='ocrx_word' id='word_1_265' title='bbox 1602 2555 1759 2603; x_wconf 84' lang='lat' dir='ltr'>sensui</span> <span class='ocrx_word' id='word_1_266' title='bbox 1790 2572 1885 2604; x_wconf 89' lang='lat' dir='ltr'>non</span> <span class='ocrx_word' id='word_1_267' title='bbox 1920 2558 2030 2605; x_wconf 89' lang='lat' dir='ltr'>satis</span> 
     </span>
     <span class='ocr_line' id='line_1_28' title="bbox 216 2639 2029 2705; baseline 0.002 -17"><span class='ocrx_word' id='word_1_268' title='bbox 216 2640 459 2689; x_wconf 87' lang='lat' dir='ltr'>convenire</span> <span class='ocrx_word' id='word_1_269' title='bbox 524 2657 608 2704; x_wconf 92' lang='lat' dir='ltr'>pro</span> <span class='ocrx_word' id='word_1_270' title='bbox 676 2657 821 2705; x_wconf 92' lang='lat' dir='ltr'>eoque</span> <span class='ocrx_word' id='word_1_271' title='bbox 871 2640 1043 2705; x_wconf 83' lang='lat' dir='ltr'>requiri</span> <span class='ocrx_word' id='word_1_272' title='bbox 1088 2640 1146 2690; x_wconf 76' lang='lat' dir='ltr'>‘lv&#39;</span> <span class='ocrx_word' id='word_1_273' title='bbox 1188 2641 1347 2697; x_wconf 71' lang='grc' dir='ltr'><strong><em>εὐθέως</em></strong></span> <span class='ocrx_word' id='word_1_274' title='bbox 1387 2641 1642 2698; x_wconf 67' lang='grc' dir='ltr'><strong><em>διακονικὸς</em></strong></span> <span class='ocrx_word' id='word_1_275' title='bbox 1693 2639 1808 2690; x_wconf 64' lang='grc' dir='ltr'><strong><em>εἶναι</em></strong></span> <span class='ocrx_word' id='word_1_276' title='bbox 1863 2644 2029 2703; x_wconf 65' lang='grc' dir='ltr'><strong><em>μάθῃς.</em></strong></span> 
     </span>
     <span class='ocr_line' id='line_1_29' title="bbox 216 2725 2031 2790; baseline 0.001 -17"><span class='ocrx_word' id='word_1_277' title='bbox 216 2725 399 2788; x_wconf 86' lang='lat' dir='ltr'>Syllaba</span> <span class='ocrx_word' id='word_1_278' title='bbox 447 2744 517 2785; x_wconf 80' lang='grc' dir='ltr'>μοι</span> <span class='ocrx_word' id='word_1_279' title='bbox 566 2741 809 2788; x_wconf 89' lang='lat' dir='ltr'>perperam</span> <span class='ocrx_word' id='word_1_280' title='bbox 863 2725 984 2772; x_wconf 88' lang='lat' dir='ltr'>lecta</span> <span class='ocrx_word' id='word_1_281' title='bbox 1035 2745 1138 2785; x_wconf 84' lang='grc' dir='ltr'><strong><em>μοι,</em></strong></span> <span class='ocrx_word' id='word_1_282' title='bbox 1193 2740 1354 2771; x_wconf 86' lang='lat' dir='ltr'>caussa</span> <span class='ocrx_word' id='word_1_283' title='bbox 1397 2725 1486 2771; x_wconf 88' lang='lat' dir='ltr'>fuit</span> <span class='ocrx_word' id='word_1_284' title='bbox 1537 2725 1649 2772; x_wconf 88' lang='lat' dir='ltr'>vitii.</span> <span class='ocrx_word' id='word_1_285' title='bbox 1717 2725 1781 2772; x_wconf 94' lang='lat' dir='ltr'>Ut</span> <span class='ocrx_word' id='word_1_286' title='bbox 1824 2727 1883 2773; x_wconf 88' lang='lat' dir='ltr'>ad</span> <span class='ocrx_word' id='word_1_287' title='bbox 1928 2744 2031 2790; x_wconf 85' lang='lat' dir='ltr'>pro-</span> 
     </span>
     <span class='ocr_line' id='line_1_30' title="bbox 214 2808 2031 2874; baseline 0.001 -18"><span class='ocrx_word' id='word_1_288' title='bbox 214 2808 410 2872; x_wconf 80' lang='lat' dir='ltr'>positam</span> <span class='ocrx_word' id='word_1_289' title='bbox 459 2808 778 2873; x_wconf 84' lang='lat' dir='ltr'>quaestionem</span> <span class='ocrx_word' id='word_1_290' title='bbox 828 2809 1011 2856; x_wconf 86' lang='lat' dir='ltr'>redeam</span> <span class='ocrx_word' id='word_1_291' title='bbox 1029 2816 1061 2866; x_wconf 82' lang='grc'>,’</span> <span class='ocrx_word' id='word_1_292' title='bbox 1095 2809 1209 2855; x_wconf 89' lang='lat' dir='ltr'>haec</span> <span class='ocrx_word' id='word_1_293' title='bbox 1259 2808 1549 2856; x_wconf 87' lang='lat' dir='ltr'>retinuerunt</span> <span class='ocrx_word' id='word_1_294' title='bbox 1588 2825 1662 2856; x_wconf 90' lang='lat' dir='ltr'>me</span> <span class='ocrx_word' id='word_1_295' title='bbox 1700 2810 1948 2874; x_wconf 89' lang='lat' dir='ltr'>quominus</span> <span class='ocrx_word' id='word_1_296' title='bbox 1981 2811 2031 2858; x_wconf 89' lang='lat' dir='ltr'>in</span> 
     </span>
     <span class='ocr_line' id='line_1_31' title="bbox 215 2893 2030 2955; baseline 0.002 -16"><span class='ocrx_word' id='word_1_297' title='bbox 215 2897 371 2940; x_wconf 85' lang='lat' dir='ltr'>nostro</span> <span class='ocrx_word' id='word_1_298' title='bbox 418 2909 555 2941; x_wconf 84' lang='lat' dir='ltr'>versu</span> <span class='ocrx_word' id='word_1_299' title='bbox 593 2893 951 2955; x_wconf 71' lang='grc' dir='ltr'><strong><em>διαπονουμένου</em></strong></span> <span class='ocrx_word' id='word_1_300' title='bbox 985 2893 1034 2940; x_wconf 90' lang='lat' dir='ltr'>in</span> <span class='ocrx_word' id='word_1_301' title='bbox 1069 2894 1423 2954; x_wconf 83' lang='grc' dir='ltr'><strong><em>διακονουμένου</em></strong></span> <span class='ocrx_word' id='word_1_302' title='bbox 1466 2893 1741 2940; x_wconf 88' lang='lat' dir='ltr'>mutandum</span> <span class='ocrx_word' id='word_1_303' title='bbox 1781 2910 2030 2943; x_wconf 89' lang='lat' dir='ltr'>censerem.</span> 
     </span>
     <span class='ocr_line' id='line_1_32' title="bbox 215 2977 2031 3042; baseline 0.001 -18"><span class='ocrx_word' id='word_1_304' title='bbox 215 2977 378 3041; x_wconf 85' lang='lat' dir='ltr'>Itaque</span> <span class='ocrx_word' id='word_1_305' title='bbox 426 2977 564 3026; x_wconf 85' lang='lat' dir='ltr'>verba</span> <span class='ocrx_word' id='word_1_306' title='bbox 613 2981 738 3029; x_wconf 71' lang='grc' dir='ltr'><strong><em>οἴκου</em></strong></span> <span class='ocrx_word' id='word_1_307' title='bbox 767 2978 849 3026; x_wconf 71' lang='grc' dir='ltr'><strong><em>οὐκ</em></strong></span> <span class='ocrx_word' id='word_1_308' title='bbox 897 2980 1070 3039; x_wconf 64' lang='grc' dir='ltr'><strong><em>ἄριστα</em></strong></span> <span class='ocrx_word' id='word_1_309' title='bbox 1119 2978 1484 3038; x_wconf 65' lang='grc' dir='ltr'><strong><em>διαπονουμένου</em></strong></span> <span class='ocrx_word' id='word_1_310' title='bbox 1541 2977 1887 3042; x_wconf 85' lang='lat' dir='ltr'>interpretanda</span> <span class='ocrx_word' id='word_1_311' title='bbox 1922 2983 2031 3026; x_wconf 89' lang='lat' dir='ltr'>sunt</span> 
     </span>
     <span class='ocr_line' id='line_1_33' title="bbox 219 3063 2031 3128; baseline 0.001 -19"><span class='ocrx_word' id='word_1_312' title='bbox 219 3063 366 3111; x_wconf 68' lang='lat' dir='ltr'>domus</span> <span class='ocrx_word' id='word_1_313' title='bbox 417 3080 501 3112; x_wconf 77' lang='lat' dir='ltr'>non</span> <span class='ocrx_word' id='word_1_314' title='bbox 555 3064 715 3125; x_wconf 75' lang='lat' dir='ltr'>optime</span> <span class='ocrx_word' id='word_1_315' title='bbox 763 3064 939 3110; x_wconf 71' lang='lat' dir='ltr'>habitae</span> <span class='ocrx_word' id='word_1_316' title='bbox 955 3100 966 3120; x_wconf 88' lang='lat'><strong><em>,</em></strong></span> <span class='ocrx_word' id='word_1_317' title='bbox 1020 3065 1162 3110; x_wconf 78' lang='lat' dir='ltr'>cultae</span> <span class='ocrx_word' id='word_1_318' title='bbox 1178 3100 1190 3119; x_wconf 91' lang='lat'>,</span> <span class='ocrx_word' id='word_1_319' title='bbox 1240 3066 1423 3109; x_wconf 76' lang='lat' dir='ltr'>ornatae</span> <span class='ocrx_word' id='word_1_320' title='bbox 1439 3100 1451 3119; x_wconf 88' lang='lat'><strong><em>,</em></strong></span> <span class='ocrx_word' id='word_1_321' title='bbox 1502 3063 1546 3110; x_wconf 90' lang='lat' dir='ltr'>h.</span> <span class='ocrx_word' id='word_1_322' title='bbox 1597 3080 1636 3112; x_wconf 92' lang='lat' dir='ltr'>e.</span> <span class='ocrx_word' id='word_1_323' title='bbox 1694 3063 1743 3111; x_wconf 93' lang='lat' dir='ltr'>in</span> <span class='ocrx_word' id='word_1_324' title='bbox 1795 3080 1886 3128; x_wconf 88' lang='lat' dir='ltr'>qua</span> <span class='ocrx_word' id='word_1_325' title='bbox 1936 3080 2031 3111; x_wconf 91' lang='lat' dir='ltr'>non</span> 
     </span>
     <span class='ocr_line' id='line_1_34' title="bbox 219 3146 2030 3199; baseline 0.003 -7"><span class='ocrx_word' id='word_1_326' title='bbox 219 3146 409 3194; x_wconf 89' lang='lat' dir='ltr'>honeste</span> <span class='ocrx_word' id='word_1_327' title='bbox 470 3163 523 3195; x_wconf 90' lang='lat' dir='ltr'>ac</span> <span class='ocrx_word' id='word_1_328' title='bbox 588 3147 806 3195; x_wconf 90' lang='lat' dir='ltr'>decenter</span> <span class='ocrx_word' id='word_1_329' title='bbox 860 3147 1041 3194; x_wconf 86' lang='lat' dir='ltr'>vivitur.</span> <span class='ocrx_word' id='word_1_330' title='bbox 1110 3146 1213 3192; x_wconf 91' lang='lat' dir='ltr'>Hoc</span> <span class='ocrx_word' id='word_1_331' title='bbox 1271 3162 1410 3192; x_wconf 88' lang='lat' dir='ltr'>sensu</span> <span class='ocrx_word' id='word_1_332' title='bbox 1463 3146 1631 3194; x_wconf 82' lang='lat' dir='ltr'>dicitur</span> <span class='ocrx_word' id='word_1_333' title='bbox 1681 3148 1916 3199; x_wconf 78' lang='grc' dir='ltr'><strong><em>διαπονεῖν</em></strong></span> <span class='ocrx_word' id='word_1_334' title='bbox 1963 3148 2030 3198; x_wconf 70' lang='grc' dir='ltr'>τὰ</span> 
     </span>
     <span class='ocr_line' id='line_1_35' title="bbox 222 3229 2032 3296; baseline -0.001 -16"><span class='ocrx_word' id='word_1_335' title='bbox 222 3231 449 3294; x_wconf 68' lang='grc' dir='ltr'><strong><em>σώματα,</em></strong></span> <span class='ocrx_word' id='word_1_336' title='bbox 509 3235 598 3290; x_wconf 71' lang='grc' dir='ltr'>τας</span> <span class='ocrx_word' id='word_1_337' title='bbox 659 3235 840 3294; x_wconf 71' lang='grc' dir='ltr'><strong><em>ψυχάς.</em></strong></span> <span class='ocrx_word' id='word_1_338' title='bbox 915 3231 1022 3278; x_wconf 90' lang='lat' dir='ltr'>Non</span> <span class='ocrx_word' id='word_1_339' title='bbox 1092 3229 1289 3276; x_wconf 90' lang='lat' dir='ltr'>multum</span> <span class='ocrx_word' id='word_1_340' title='bbox 1353 3230 1573 3278; x_wconf 86' lang='lat' dir='ltr'>dissimile</span> <span class='ocrx_word' id='word_1_341' title='bbox 1641 3231 1730 3278; x_wconf 89' lang='lat' dir='ltr'>hoc</span> <span class='ocrx_word' id='word_1_342' title='bbox 1796 3231 2032 3296; x_wconf 84' lang='lat' dir='ltr'>Euripidis</span> 
     </span>
    </p>
   </div>
   <div class='ocr_carea' id='block_1_5' title="bbox 223 3314 1703 3515">
    <p class='ocr_par' dir='ltr' id='par_1_5' title="bbox 223 3314 1703 3515">
     <span class='ocr_line' id='line_1_36' title="bbox 223 3314 520 3379; baseline 0.003 -18"><span class='ocrx_word' id='word_1_343' title='bbox 223 3314 364 3379; x_wconf 87' lang='lat' dir='ltr'>Hipp.</span> <span class='ocrx_word' id='word_1_344' title='bbox 400 3315 520 3365; x_wconf 80' lang='lat'><strong>467:</strong></span> 
     </span>
     <span class='ocr_line' id='line_1_37' title="bbox 571 3454 1703 3515; baseline 0.001 -13"><span class='ocrx_word' id='word_1_345' title='bbox 571 3454 663 3503; x_wconf 72' lang='grc' dir='ltr'><strong><em>οὐδ’</em></strong></span> <span class='ocrx_word' id='word_1_346' title='bbox 701 3455 912 3504; x_wconf 79' lang='grc' dir='ltr'><strong><em>ἐκπονεῖν</em></strong></span> <span class='ocrx_word' id='word_1_347' title='bbox 948 3474 1020 3503; x_wconf 75' lang='grc' dir='ltr'><strong><em>τοι</em></strong></span> <span class='ocrx_word' id='word_1_348' title='bbox 1056 3459 1170 3514; x_wconf 65' lang='grc' dir='ltr'>χρῆν</span> <span class='ocrx_word' id='word_1_349' title='bbox 1206 3454 1302 3513; x_wconf 74' lang='grc' dir='ltr'><strong><em>βίον</em></strong></span> <span class='ocrx_word' id='word_1_350' title='bbox 1336 3457 1448 3502; x_wconf 81' lang='grc' dir='ltr'>λὶαν</span> <span class='ocrx_word' id='word_1_351' title='bbox 1482 3456 1703 3515; x_wconf 77' lang='grc' dir='ltr'><strong><em>βροτούς,</em></strong></span> 
     </span>
    </p>
   </div>
   <div class='ocr_carea' id='block_1_6' title="bbox 224 3598 1659 3655">
    <p class='ocr_par' dir='ltr' id='par_1_6' title="bbox 224 3598 1659 3655">
     <span class='ocr_line' id='line_1_38' title="bbox 224 3598 1659 3655; baseline 0.003 -10"><span class='ocrx_word' id='word_1_352' title='bbox 224 3598 267 3646; x_wconf 85' lang='grc'><strong>11.</strong></span> <span class='ocrx_word' id='word_1_353' title='bbox 303 3615 339 3646; x_wconf 91' lang='lat' dir='ltr'>e.</span> <span class='ocrx_word' id='word_1_354' title='bbox 373 3600 594 3648; x_wconf 80' lang='lat' dir='ltr'>elaborare</span> <span class='ocrx_word' id='word_1_355' title='bbox 626 3602 673 3650; x_wconf 79' lang='lat' dir='ltr'>in</span> <span class='ocrx_word' id='word_1_356' title='bbox 704 3603 797 3650; x_wconf 73' lang='lat' dir='ltr'>vita</span> <span class='ocrx_word' id='word_1_357' title='bbox 829 3620 908 3650; x_wconf 73' lang='lat' dir='ltr'>sua</span> <span class='ocrx_word' id='word_1_358' title='bbox 942 3602 1145 3650; x_wconf 83' lang='lat' dir='ltr'>honestis</span> <span class='ocrx_word' id='word_1_359' title='bbox 1176 3601 1381 3655; x_wconf 86' lang='lat' dir='ltr'>moribus</span> <span class='ocrx_word' id='word_1_360' title='bbox 1417 3604 1659 3650; x_wconf 73' lang='lat' dir='ltr'>eoecolenda.</span> 
     </span>
    </p>
   </div>
  </div>
 </body>
</html>
