2340 3958
339 177 394 221 12
403 179 426 220 8
986 173 1488 221 COMMENTARIUS

332 322 738 387 reprehendenda,
788 323 895 385 quia
947 322 1098 369 animo
1140 322 1289 369 acrius
1330 327 1557 370 commoto
1599 322 1649 368 id
1685 339 1777 369 non
1811 323 2137 373 inconveniens

333 406 413 455 est.
481 406 672 453 Accedit
722 405 847 469 quod
896 405 1036 452 trium
1085 406 1414 454 vocabulorum
1469 406 1807 469 copulationem
1858 412 2012 454 amant
2043 412 2138 454 tam

330 495 493 554 poetae
527 506 665 553 quam
700 493 900 536 oratores
919 527 930 546 ,
965 505 1083 553 quae
1117 491 1265 552 figura
1300 494 1590 553 τριχοτομίά
1616 489 1738 536 dicta
1759 490 1978 538 latissime
2000 495 2139 554 patet.

330 574 586 622 Hermanni
632 573 774 636 igitur
816 573 994 635 judicio
1042 574 1182 621 verba
1233 575 1343 624 οὔτε
1387 575 1592 635 Σκκρύων
1630 572 1827 620 delentis
1859 590 1954 621 non
1986 590 2139 621 assen-

327 658 442 715 tior;
492 662 648 704 utrum
685 673 795 704 vero
846 661 1113 709 ὑποκλοιίων
1165 672 1225 704 an
1274 659 1507 707 ὑποκαίων
1558 657 1631 703 vel
1671 659 1897 707 ὑποδάίων
1937 662 2138 721 praestet

328 759 352 789 e
387 758 526 789 sensu
565 741 854 788 efficiendum
871 779 882 798 ,
917 741 998 805 qui
1033 739 1331 805 sequentibus
1371 740 1522 787 verbis
1562 739 1831 787 declaratur.
1899 741 2051 788 Etiam
2086 741 2136 788 in

326 827 398 873 his
454 826 608 890 aliqua
658 830 728 873 est
783 827 1049 874 obscuritas.
1119 825 1368 888 Quaeritur
1422 824 1534 889 quid
1586 825 1811 887 significet
1861 825 2136 872 vocabulum

325 912 504 971 ἀπύρων
545 914 694 973 ἱερῶν,
732 914 777 957 et
813 910 938 958 unde
973 910 1203 972 genitivus
1237 909 1448 973 pendeat.
1485 910 1633 958 Schol.
1672 926 1816 973 quum
1848 912 2006 972 ἄπυροι
2036 914 2135 971 ἱερῑι

322 995 649 1057 interpretatur
686 995 928 1057 νηφάλιοι,
971 994 1210 1042 dissimilia
1242 993 1459 1041 confudit.
1530 993 1597 1040 Cf.
1639 993 1892 1040 Hermann.
1920 991 2134 1039 -Gottesd

331 1077 525 1124 Alterth.
559 1077 601 1125 d.
636 1077 713 1124 Gr.
746 1079 765 1138 ᾗ
805 1080 878 1125 25.
914 1083 1013 1140 ἱερᾶ
1042 1080 1199 1139 ἄπυροι
1234 1076 1451 1124 dicuntur
1482 1076 1666 1140 proprie
1700 1077 1918 1124 sacrificia
1939 1093 2023 1123 non
2046 1091 2137 1123 cre-

324 1166 445 1208 mata
462 1199 473 1218 ,
521 1161 566 1208 h.
617 1177 654 1209 e.
705 1161 948 1211 incruenta.
1015 1161 1117 1208 Hac
1158 1160 1490 1222 significatione
1526 1159 1755 1207 Pindarus
1789 1160 1862 1208 Ol.
1884 1160 1978 1206 VII
1995 1197 2007 1216 ,
2043 1162 2134 1206 88:

326 1244 503 1307 τεῦξαν
529 1245 569 1294 δ’
601 1246 792 1306 ἀπύροις
823 1249 960 1306 ἱεροῖς
985 1247 1150 1302 ἄλσος.
1183 1244 1238 1292 cf.
1261 1243 1421 1307 Eurip.
1443 1243 1494 1291 in
1514 1243 1733 1292 Valcken.
1755 1244 1900 1292 Diatr.
1921 1260 1967 1307 p.
1986 1247 2047 1292 42
2068 1260 2134 1307 sq.

322 1327 451 1375 Haec
486 1332 555 1375 est
592 1328 740 1391 prima
774 1328 1043 1389 significatio
1059 1366 1072 1385 ,
1106 1328 1233 1376 unde
1274 1328 1477 1376 derivata
1509 1328 1654 1375 altera
1701 1344 1840 1392 quam
1870 1328 2008 1375 refert
2038 1327 2135 1375 He-

323 1412 535 1476 sychius:
571 1415 775 1474 ἀπύρου,
811 1414 1001 1463 ἀθύτου.
1039 1414 1291 1475 Σοφοκλῆς
1318 1416 1516 1471 Μύσοις.
1568 1413 1699 1460 Haec
1730 1412 1953 1476 Hesychii
1983 1413 2135 1475 glossa

320 1513 415 1544 non
465 1495 713 1543 admodum
762 1496 884 1543 clara
924 1501 1005 1543 est.
1072 1497 1194 1544 Nam
1232 1512 1336 1544 cum
1371 1499 1541 1556 ἄθυτος
1575 1497 1732 1560 plures
1764 1496 1931 1544 habeat
1965 1497 2135 1559 signifi-

322 1581 522 1628 cationes
539 1617 551 1637 ,
599 1597 891 1645 nequaquam
938 1581 1047 1628 inde
1099 1581 1218 1629 effici
1259 1586 1451 1646 potest,
1500 1582 1583 1628 has
1635 1598 1794 1629 omnes
1834 1582 1974 1629 etiam
2007 1582 2058 1629 in
2089 1599 2130 1629 v.

321 1668 490 1727 ἄπυρος
522 1665 744 1729 quadrare
760 1705 772 1723 ,
817 1666 898 1714 sed
943 1682 1018 1714 eas
1049 1670 1231 1714 tantum
1264 1682 1381 1731 quae
1416 1683 1522 1713 cum
1554 1666 1771 1730 primaria
1804 1666 2132 1728 significatione

321 1751 609 1798 conveniant.
675 1750 749 1796 Ita
797 1752 949 1800 ἄθυτα
1001 1754 1224 1798 vocantur
1275 1750 1494 1797 sacrificia
1531 1767 1616 1798 non
1654 1751 1946 1813 sacrificanda
1961 1788 1974 1808 ,
2013 1751 2056 1797 h.
2091 1767 2131 1798 e.

319 1835 456 1896 impia
472 1872 484 1891 ,
536 1834 716 1897 nefaria
730 1855 748 1889 ;
796 1833 923 1897 quod
959 1851 1054 1881 non
1093 1834 1309 1882 convenit
1345 1834 1395 1881 in
1434 1836 1618 1896 ἄπυρος.
1668 1834 1938 1898 Iphigeniae
1970 1834 2134 1881 immo-

318 1919 428 1966 latio
481 1923 577 1966 erat
625 1918 897 1965 sacrificium
947 1920 1142 1976 ἄθυτον,
1192 1935 1288 1966 non
1339 1919 1523 1979 ἄπυρον.
1592 1917 1762 1964 Contra
1795 1933 1940 1981 quum
1976 1917 2131 1966 ἄθυτα

322 2003 533 2050 dicantur
566 2003 703 2050 etiam
738 2003 958 2050 sacrificia
990 2004 1147 2060 irrita,
1181 2003 1269 2050 hoc
1302 2002 1352 2050 in
1385 2005 1554 2063 ἄπυρον
1585 2002 1757 2066 optime
1780 2001 1991 2066 quadrat,
2021 1999 2130 2064 quia

318 2087 383 2134 dii
420 2087 617 2134 maxime
658 2087 1004 2134 delectabantur
1042 2087 1203 2134 hostiis
1220 2125 1232 2144 ,
1287 2087 1484 2151 ideoque
1519 2102 1645 2134 sacra
1675 2087 1748 2133 his
1782 2086 1981 2134 carentia
2013 2085 2130 2132 mul-

318 2172 378 2219 tis
418 2171 506 2218 diis
546 2188 710 2234 parum
752 2175 939 2235 accepta
972 2188 1071 2219 esse
1106 2171 1347 2219 debebant.
1413 2172 1522 2219 Non
1555 2188 1662 2219 vero
1708 2174 1863 2232 ἄπνρά
1901 2169 1992 2216 dici
2024 2185 2128 2231 pos-

318 2260 452 2313 sunt,
487 2260 540 2302 ut
571 2255 860 2317 Hartungius
894 2255 1094 2319 explicat
1110 2294 1121 2312 ,
1155 2256 1266 2302 talia
1299 2255 1520 2302 sacrificia
1554 2255 1611 2302 de
1644 2255 1813 2319 quibus
1847 2254 1985 2317 Soph.
2017 2255 2125 2301 Ant.

319 2344 444 2388 1006
473 2340 607 2403 (987)
633 2340 744 2387 dicit
777 2341 831 2390 ἐκ
864 2342 914 2391 δὲ
949 2344 1159 2402 θυμάτων
1187 2340 1464 2402 ’Ἥφαιστος
1499 2341 1580 2390 οὐκ
1613 2341 1850 2401 ἔλαμπεν,
1886 2354 2007 2402 np.e
2027 2337 2126 2401 qui-

315 2425 403 2472 bus
451 2440 546 2471 non
596 2425 716 2471 clara
766 2427 812 2471 et
844 2439 961 2486 pura
994 2424 1176 2470 flamma
1210 2427 1445 2485 surgeret,
1482 2422 1525 2470 h.
1562 2439 1600 2471 e.
1651 2422 1798 2469 tristia
1831 2426 1966 2478 exta3
2010 2421 2123 2468 haec

316 2508 439 2555 enim
459 2508 562 2571 ipsa
594 2511 723 2554 erant
754 2508 952 2568 ἐ’μπυρά.
1003 2506 1214 2553 Efficitur
1241 2506 1369 2563 inde,
1405 2506 1478 2553 his
1510 2506 1661 2554 verbis
1695 2523 1846 2570 neque
1879 2505 2124 2568 significari

314 2609 450 2656 posse
468 2631 480 2650 ,
529 2591 656 2656 quod
693 2591 850 2638 multis
890 2591 1039 2638 visum
1056 2628 1068 2648 ‚
1107 2590 1470 2638 immolationem
1499 2590 1767 2654 Iphigeniae
1786 2629 1798 2647 ‚
1833 2590 1891 2637 de
1924 2606 2016 2654 qua
2047 2589 2122 2636 hic

316 2692 463 2724 sermo
485 2692 580 2722 non
604 2679 694 2731 est,
718 2690 869 2738 neque
891 2673 1039 2721 tristia
1061 2673 1288 2739 quaedam
1311 2679 1416 2722 exta
1440 2675 1498 2722 ob
1524 2674 1715 2721 deorum
1736 2674 1851 2721 iram
1873 2674 1946 2722 vel
1967 2674 2120 2735 negle-

315 2765 435 2808 ctam
461 2759 741 2821 religionem.
785 2758 891 2805 Una
910 2762 1074 2815 restat,
1099 2758 1274 2822 opinor,
1296 2758 1612 2822 interpretatio
1647 2762 1743 2805 tam
1778 2757 1989 2821 propriae
2024 2774 2120 2804 ver-

313 2845 478 2891 borum
500 2842 819 2905 significationi
842 2859 979 2906 quam
1004 2842 1155 2890 ordini
1179 2846 1224 2889 et
1250 2843 1493 2903 juncturae
1528 2843 1804 2890 conveniens
1821 2880 1833 2899 ‚
1869 2857 1959 2905 qua
1994 2841 2120 2903 geni-

312 2928 434 2976 tivus
479 2929 660 2988 ἀπύρων
694 2931 818 2988 ἱερῶν
864 2926 1143 2989 praegressis
1187 2926 1440 2990 participiis
1474 2927 1601 2974 velut
1637 2925 1925 2989 appositione
1955 2925 2118 2987 junga-

312 3017 416 3069 tur,
455 3011 579 3058 unde
617 3011 731 3058 haec
772 3011 951 3058 exsistit
984 3011 1241 3058 sententia:
1296 3010 1451 3068 „Utut
1487 3015 1585 3067 est,
1619 3022 1708 3057 'res
1741 3009 1802 3056 ad
1836 3009 2116 3056 destinatum

313 3097 451 3143 finem
482 3094 776 3158 perducitur;
827 3111 904 3141 nec
930 3095 1133 3157 gemendo
1182 3110 1260 3142 nec
1302 3094 1477 3141 libando
1524 3110 1601 3140 nec
1631 3093 1900 3140 lacrimando
1917 3131 1928 3149 ,
1968 3094 2115 3140 ineru-

314 3180 425 3226 entis
467 3179 687 3242 vanisque
721 3179 953 3241 sam-fficiz's
969 3217 981 3235 ,
1021 3179 1272 3240 placaveris
1318 3193 1467 3224 saevas
1503 3177 1598 3224 iras
1636 3194 1711 3240 np.
1746 3177 1976 3240 Erinnyos
2010 3177 2115 3224 deo-

313 3280 471 3311 rumve
494 3263 739 3320 ultorum,’'
760 3267 812 3310 ut
834 3263 914 3327 qui
938 3263 1077 3310 caede
1101 3268 1147 3310 et
1168 3262 1370 3310 vindicta
1390 3266 1571 3309 tantum
1595 3262 1829 3310 satiantur.
1859 3262 1984 3310 Dicit
1999 3263 2112 3310 haec

314 3347 492 3394 Chorus
524 3351 735 3410 respectu
766 3347 877 3393 belli
910 3347 1094 3409 Trojani
1112 3386 1123 3405 ,
1153 3346 1432 3410 implacabili
1465 3346 1655 3393 deorum
1689 3347 1891 3394 vindicta
1914 3347 2112 3394 excitati.

312 3431 428 3479 Inde
468 3430 675 3494 sequitur
709 3433 974 3495 ὑποκλκῖῳν
1013 3448 1303 3495 nequaquam
1336 3431 1386 3478 in
1418 3434 1648 3480 ὑποκαίων
1683 3447 1781 3478 esse
1814 3431 2109 3486 mutandum,

312 3519 365 3562 ut
397 3514 523 3578 quod
557 3513 712 3561 sensui
747 3519 866 3560 esset
901 3516 1189 3563 contrarium.

379 3598 592 3645 Ceterum
626 3602 780 3644 utrum
813 3598 861 3644 in
896 3599 1121 3662 Aeschylo
1155 3603 1308 3649 κλαίω
1344 3615 1401 3646 an
1435 3604 1594 3658 κλείω,
1632 3601 1740 3648 item
1774 3603 1886 3653 δάίω
1921 3619 1978 3649 an
2013 3603 2106 3651 Σάω
