2340 3958
774 187 845 236 IN
877 183 1392 235 AGAMEMNONEM.
1903 187 1995 233 129

192 342 254 389 sit
283 339 579 389 scribendum
596 377 608 396 ,
642 338 761 387 inter
798 338 1117 402 grammaticos
1150 337 1206 384 lis
1241 340 1321 384 est.
1389 335 1428 382 Ε
1452 332 1711 384 novissimis
1749 334 2008 382 editoribus

193 426 462 474 Dindorfius
491 425 602 482 hoc,
640 425 936 472 Hermannus
973 427 1018 470 et
1050 422 1370 470 Blomfieldius
1405 420 1523 468 illud
1558 419 1703 468 secuti
1732 424 1862 467 sunt.
1912 419 2034 467 Ηο-Δ

193 526 298 558 rum
336 509 582 557 auctoritas
619 525 692 556 me
726 507 915 555 retinuit
954 506 1202 570 quominus
1240 506 1289 553 in
1330 505 1600 569 quaestione
1634 504 1834 569 ancipite
1876 521 1904 551 a
1934 499 2030 552 co-'

193 594 373 642 dicibus
414 593 705 640 discederem.

260 713 324 759 Vs
362 713 434 761 71.
473 712 528 760 75
566 729 661 775 sqq.
729 713 859 771 ἡμεῖς
887 709 927 758 δ’
963 712 1135 758 ἰιτίτοιι
1170 713 1303 770 σαρκὶ
1338 715 1534 771 παλαιᾷ
1567 735 1628 745 -

734 795 815 842 δ’τε
849 797 937 855 γῖιρ
974 796 1126 853 νεαιρός
1161 796 1335 851 μυελός
1371 796 1568 853 στέρνων

896 874 1028 930 ἐντος
1065 875 1274 922 ἀνάσσων

735 957 1039 1017 ἰσόπρεσβυς,
1068 952 1213 1015 ’Ἄρης
1242 951 1285 1002 δ’
1318 955 1396 1003 οὐκ
1431 956 1495 1003 ἔνι
1530 955 1663 1016 χώρᾳ
1683 996 1695 1013 ,

739 1038 836 1088 τόθ’
871 1037 1157 1097 ὑπεργῆρως,
1194 1036 1449 1097 <Burman
1483 1037 1564 1091 ἤδη

733 1117 1163 1178 κατακαρφομένης
1197 1117 1297 1165 uve.

193 1267 415 1315 Codicum
444 1266 580 1314 lectio
616 1268 785 1318 ἰιτίτειι
820 1264 1089 1326 ambiguum
1121 1263 1368 1328 relinquit,
1409 1263 1526 1310 sitne
1550 1267 1722 1315 ἀτίται
1749 1266 1923 1328 (ἡμεῖς)
1954 1282 2013 1313 an

191 1353 350 1413 ἄτίτρι
386 1353 558 1413 (σαρκὶ)
595 1348 915 1406 scnbendum3
948 1348 1066 1396 illud
1107 1349 1162 1395 ab
1197 1350 1403 1408 ἷιτίτνις,
1441 1349 1530 1396 hoc
1554 1350 1609 1396 ab
1635 1352 1809 1408 ἄτιτος
1836 1352 2012 1397 tactum

192 1437 383 1493 volunt,
418 1439 471 1481 ut
498 1437 652 1496 o'vri‘tqc
675 1449 758 1497 pro
781 1434 934 1494 ἀτίτῳ
951 1432 1154 1497 positum
1171 1433 1242 1481 sit.
1264 1435 1434 1492 ἄτιτος
1455 1433 1682 1496 signifieat
1699 1435 1986 1482 inhonoratus
2000 1473 2011 1491 ,

194 1524 242 1568 et
275 1519 435 1567 eodem
467 1535 606 1566 sensu
640 1520 814 1576 ἔιτίτης
853 1517 1061 1581 accipere
1097 1518 1258 1565 solent.
1317 1518 1610 1583 Quamquam
1630 1518 1721 1565 dici
1740 1518 1805 1565 sic
1825 1518 2008 1582 potuit,

194 1603 474 1668 Aeschylum
507 1608 660 1652 temen
695 1604 782 1650 hoc
816 1620 956 1651 sensu
990 1603 1159 1651 dixisse
1194 1620 1288 1651 non
1323 1603 1460 1650 credo
1478 1642 1490 1661 ,
1514 1603 1595 1668 qui
1616 1620 1701 1667 pro
1727 1604 2013 1652 inhonoratus

192 1705 365 1757 ponere
398 1689 514 1736 solet
547 1689 739 1746 ἀτίετος
764 1688 838 1749 (cf.
858 1688 1032 1735 Comm.
1050 1688 1109 1735 ad
1125 1705 1189 1736 vs.
1212 1691 1393 1750 1320);
1428 1690 1613 1747 ἰιτίτοις
1648 1704 1757 1736 vero
1795 1688 1845 1735 in
1877 1689 2014 1736 Eum.

192 1761 257 1822 iis.
292 1776 400 1830 256,
434 1779 496 1834 μῆ
531 1776 653 1834 λάθῃ
680 1797 739 1806 -
763 1775 783 1821 ὃ
812 1774 1108 1835 ματροφόνος
1138 1775 1317 1833 ἷιτίτοις
1336 1811 1348 1831 ,
1372 1774 1598 1835 significat
1621 1775 1798 1822 inultus.
1832 1773 2014 1821 Utram-

193 1874 282 1922 que
316 1857 695 1919 significationem
728 1858 935 1919 agnoscit
956 1858 1244 1921 Hesychius:
1280 1858 2014 1920 ἀτίτην”ἇτιμῶρητον,-ἒίτι·

191 1961 294 2004 μον.
357 1941 573 1988 Verbalia
621 1945 776 1988 autem
824 1941 874 1988 in
927 1962 977 2000 ης
997 1980 1008 1998 ,
1059 1941 1145 1989 etsi
1195 1941 1429 1990 interdum
1467 1943 1647 2006 passive
1700 1947 1984 2006 usurpantur
2003 1981 2014 1999 ,

192 2025 375 2090 proprie
423 2029 578 2073 tamen
629 2029 738 2072 sunt
786 2025 961 2082 activa,
1014 2029 1059 2072 et
1109 2026 1174 2072 ita
1214 2029 1388 2084 ἀτίσῃς
1430 2026 1578 2089 primo
1630 2026 1732 2073 loco
1785 2026 2012 2089 significat

192 2110 268 2173 qui
300 2126 385 2158 non
417 2110 658 2167 ulciscitur,
694 2126 812 2174 quae
842 2109 1114 2172 significatio
1138 2111 1247 2158 huic
1270 2112 1372 2158 loco
1397 2111 1535 2174 plane
1561 2111 1799 2174 congruit:
1835 2113 2007 2162 ἰιτίτοιι

194 2197 277 2253 τῆς
324 2195 431 2245 τότ’
479 2196 682 2256 ἀρωγῆς,
724 2199 918 2256 expertes
949 2195 1169 2242 vindictae
1203 2196 1323 2242 illiue
1357 2195 1645 2257 expeditionis
1662 2233 1674 2252 ,
1713 2196 1807 2243 sive
1841 2198 2018 2243 ultricis

193 2279 313 2325 illiue
360 2278 645 2339 eoepeditionie
691 2282 896 2339 empertes.
965 2279 1073 2326 Non
1114 2279 1237 2326 enim
1272 2283 1530 2344 queruntur
1565 2297 1699 2327 senes
1739 2279 1863 2344 quod
1910 2296 2015 2326 con-

192 2362 324 2409 temti
363 2366 515 2409 essent
531 2400 543 2419 ‚
583 2362 664 2409 sed
696 2363 819 2426 quod
851 2367 999 2411 aetate
1034 2364 1202 2411 infirmi
1237 2369 1375 2428 atque
1409 2365 1631 2413 imbelles.
1702 2365 2015 2429 Sequentium

193 2463 410 2494 versuum
451 2447 697 2495 lectionem
729 2448 949 2512 descripsi
985 2449 1104 2496 sicut
1139 2449 1317 2497 codices
1351 2450 1604 2514 praebent,
1639 2450 1730 2498 nisi
1768 2450 1896 2514 quod
1929 2465 2015 2513 pro

194 2529 291 2581 τόθ’
324 2533 587 2594 ὑπέργηρως
621 2531 671 2579 in
703 2533 826 2580 Med.
855 2532 1016 2580 vitiose
1050 2538 1288 2581 exaratum
1323 2539 1392 2581 est
1427 2538 1769 2596 τίθιπεργῆρως.
1807 2534 2018 2581 Deteno-

193 2631 291 2662 rem
331 2615 449 2662 hanc
487 2615 684 2663 reddidit
723 2616 953 2664 Stanleius
1004 2617 1068 2664 sic
1103 2617 1289 2680 legens:
1345 2619 1373 2666 δ’
1401 2639 1456 2668 τε
1490 2623 1580 2680 γὰρ
1611 2623 1767 2679 νεκρδς
1792 2643 1855 2651 —
1885 2619 1941 2668 τό
1977 2617 2010 2668 θ’

192 2702 469 2762 ὑπέργηρων.
535 2700 634 2746 Nec
678 2699 844 2747 melius
893 2701 1153 2748 Wellauer:
1205 2702 1233 2750 δ’
1269 2722 1324 2751 τε
1353 2707 1443 2763 ’γὰρ
1476 2706 1630 2763 νεαιρῦς
1666 2728 1730 2736 -
1759 2702 1786 2750 δ’
1814 2702 1847 2750 θ’
1877 2704 2013 2763 ὑπέρ-

193 2804 355 2846 γηρως.
405 2800 602 2848 quorum
650 2788 806 2832 tamen
856 2786 1129 2833 alterutrum
1178 2787 1386 2851 plerique
1431 2787 1706 2850 interpretes
1743 2790 2012 2848 sequuntur.

193 2869 334 2915 Recte
362 2885 470 2916 vero
504 2868 714 2916 codicum
746 2869 884 2918 lectio
918 2874 1097 2918 servata
1131 2873 1200 2917 est
1235 2886 1261 2916 a
1295 2870 1532 2918 Klauseno
1569 2874 1614 2917 et
1648 2868 1816 2916 Paleio.
1890 2869 2011 2916 Nam

195 2945 286 2994 duo
338 2947 449 2995 haec
499 2948 705 3016 membra
749 2965 843 2996 non
874 2953 927 2996 ut
958 2949 1201 3010 conjuncta
1235 2950 1431 2996 alterum
1467 2966 1572 2998 cum
1613 2951 1755 2998 altero
1793 2955 2011 3017 copulan-

195 3032 298 3087 tur,
336 3031 416 3078 sed
459 3031 690 3095 posterius
729 3036 799 3079 est
833 3048 1122 3097 consequens
1157 3033 1335 3096 prioris.
1411 3034 1552 3094 Quum
1577 3038 1793 3097 juvenilis
1827 3040 2014 3086 medulla

197 3116 414 3162 consenuit
451 3121 494 3163 et
530 3118 645 3163 vires
683 3119 994 3179 elanguerunt,
1030 3122 1122 3164 tum
1154 3119 1272 3165 senio
1302 3122 1514 3180 yravatus
1546 3120 1661 3167 sieut
1695 3123 1768 3169 ari
1777 3123 1858 3169 dus
1890 3127 2015 3171 trun-

199 3213 273 3245 cus
288 3236 301 3255 ,
355 3205 638 3249 marcescente
673 3201 867 3263 fronde,
906 3203 1099 3250 vacillat.
1165 3202 1465 3266 Participium
1517 3205 1725 3256 ἀνάσσων
1788 3210 2011 3256 vocabulo

200 3285 373 3343 μυελὸς
423 3284 626 3332 additum
670 3286 833 3334 merito
866 3292 919 3335 ut
951 3287 1162 3350 ineptum
1196 3287 1516 3351 improbarunt
1551 3290 1739 3352 plures;
1774 3293 1909 3339 multi
1943 3310 2011 3340 re-

201 3370 421 3428 ceperunt
449 3368 704 3418 Hermanm'
736 3372 1043 3433 conjecturam
1080 3371 1313 3433 ἀνᾴσσων,
1351 3389 1468 3437 quae
1504 3378 1625 3423 certe
1659 3393 1804 3441 prope
1840 3395 1866 3424 a
1899 3396 2006 3426 vero

201 3449 342 3497 abest.
409 3452 706 3504 Scribendum
754 3462 850 3505 erat
898 3457 1044 3508 ἀίσσω
1055 3478 1090 3507 ν.
1158 3458 1279 3504 Nam
1340 3457 1577 3510 c’cva'i'coew
1638 3461 1733 3509 sive
1790 3460 2007 3523 ἀνᾴσσειν

201 3534 427 3597 significat
461 3553 628 3588 aureum
664 3541 798 3589 salire
813 3580 826 3600 ,
866 3543 1042 3589 exsilire
1058 3579 1069 3598 ,
1093 3558 1385 3603 prorumpere
1400 3581 1412 3600 ‚
1449 3545 1573 3608 quod
1607 3545 1663 3593 de
1697 3546 1900 3593 medulla
1930 3563 2008 3609 pa-

202 3635 305 3680 rum
339 3623 496 3683 aptum
512 3660 524 3679 ,
563 3639 713 3688 neque
746 3631 869 3676 recte
897 3626 1108 3688 jungitur
1143 3643 1247 3673 cum
1284 3626 1414 3686 ἔντος
1454 3633 1671 3690 στέρνων,
1707 3631 1831 3678 intra
1855 3634 2010 3693 pectus

1748 3715 1805 3763 17
