2306 3944
331 183 423 227 224
976 174 1470 252 COMMENTARIUS

330 346 393 377 vs.
430 330 549 383 982,
594 325 719 389 quod
754 324 892 384 vulgo
925 322 1138 370 scribitur
1170 322 1324 384 Θάρσος
1350 323 1440 386 ἵζει
1472 323 1632 383 φρενὸς
1662 325 1803 384 φίλον
1830 327 1990 386 Θρόνον,
2024 344 2120 376 mu-

325 410 519 458 tandum
553 409 711 456 censui
745 408 793 454 in
825 409 972 468 ’lo-7531.
1040 407 1115 454 Ob
1149 407 1231 454 has
1265 408 1462 454 rationes
1498 423 1523 453 a
1558 408 1766 455 codicum
1800 410 1995 458 lectione
2030 427 2124 458 non

331 493 663 543 discedendum
695 492 864 556 putavi.

394 633 471 680 Vs.
509 631 614 680 749.
682 631 840 678 Fallax
872 629 1037 676 amicus
1069 633 1260 677 vocatur

707 752 898 810 ὁμιλίας
932 754 1227 809 κάτοπτρον,
1264 750 1451 799 εἴδωλον
1488 758 1645 808 σκιῖις,

327 882 410 931 pro
444 881 536 930 quo
568 880 664 912 non
687 863 848 911 dubito
882 863 995 928 quin
1028 867 1165 926 poeta
1187 862 1419 926 scripserit
1442 868 1672 923 αἱμυλίοις
1704 870 1997 925 κάτοπτρον,
2026 865 2069 912 h.
2089 882 2127 914 e.

328 949 543 998 comitatis
577 964 610 995 s.
645 947 955 995 benevolentiae
987 947 1226 1007 speculum,
1262 945 1313 992 in
1347 962 1438 1010 quo
1471 948 1642 1010 quippe
1677 964 1770 994 non
1802 965 1906 995 vera
1940 949 2129 997 comitas

326 1050 413 1081 nec
475 1031 622 1080 solida
680 1029 1023 1086 benevolentia,
1082 1028 1166 1076 sed
1216 1028 1392 1092 species
1441 1033 1622 1076 tantum
1673 1031 1886 1080 cernitur.
1936 1034 2127 1084 εἴδωλον

327 1122 462 1175 σκιᾶς
515 1119 585 1163 est
634 1116 913 1163 simulacrum
961 1115 1158 1171 umbrae,
1208 1130 1303 1162 non
1354 1114 1491 1162 solidi
1534 1116 1735 1179 corporis
1781 1117 1976 1179 effigies,
2010 1118 2055 1165 h.
2090 1134 2129 1165 e.

326 1219 444 1250 vana
491 1201 643 1263 imago
695 1199 770 1246 cui
819 1198 936 1246 nihil
977 1198 1074 1245 veri
1116 1198 1286 1246 subest.
1355 1198 1429 1246 Sic
1470 1199 1718 1262 Sophocles
1749 1200 1799 1247 in
1831 1201 1989 1263 fragm.
2023 1201 2129 1263 Tyr.

326 1285 451 1350 apud
499 1285 676 1332 Aelian.
727 1282 785 1330 de
818 1282 876 1329 N.
915 1281 969 1328 A.
1012 1280 1101 1338 XI,
1141 1284 1199 1328 18
1219 1319 1232 1338 ,
1266 1281 1515 1343 imaginem
1546 1281 1719 1329 formae
1757 1283 1806 1330 in
1841 1299 1960 1347 aqua
1993 1300 2129 1347 appa-

325 1369 468 1417 rentis
501 1373 633 1426 σκιῖις
669 1368 857 1417 εἴδωλον
891 1369 1035 1413 vocat.

390 1498 470 1548 Vs.
507 1498 614 1548 760.
682 1497 1023 1558 πειρασόμεσθα
1055 1498 1274 1557 πῆμοιτος
1310 1498 1480 1559 τρέψαι
1515 1499 1660 1547 νόσον.

324 1630 455 1678 Haec
489 1631 558 1675 est
589 1626 812 1674 librorum
845 1624 980 1672 lectio
998 1662 1010 1682 ,
1046 1641 1185 1689 quam
1215 1624 1280 1671 sic
1307 1625 1568 1673 emendavit
1587 1627 1836 1674 Personus:
1866 1627 1978 1687 πῆμ’
2009 1628 2126 1676 ἕιπο-

326 1713 529 1776 στρέφοιι
563 1713 715 1762 νόσου.
759 1710 1050 1772 Receperunt
1082 1709 1169 1757 hoc
1201 1710 1368 1758 Blomf.
1402 1711 1534 1759 Well.
1568 1711 1710 1760 Dind.
1749 1711 1813 1758 At
1834 1711 2128 1759 Hermannus

326 1802 543 1859 πήματος
579 1798 703 1846 νόσον
739 1793 966 1851 defendit,
1001 1793 1109 1858 quia
1140 1793 1216 1841 hic
1250 1811 1345 1842 non
1377 1795 1560 1859 proprie
1595 1795 1772 1843 dicatur
1804 1795 2011 1853 morbus,
2047 1794 2128 1842 sed

325 1881 640 1942 intelligantur
672 1878 793 1925 mala
823 1877 990 1941 quibus
1019 1876 1152 1941 quasi
1181 1882 1384 1940 aegrotet
1404 1878 1675 1942 respublica.
1709 1879 1882 1926 Verum
1903 1879 1990 1925 hoc
2011 1877 2128 1925 nihil

324 1965 535 2020 interest,
583 1966 741 2009 utrum
788 1962 971 2025 proprie
1005 1977 1065 2008 an
1097 1961 1271 2024 tropice
1306 1961 1484 2009 dicatur
1497 1983 1510 2019 ;
1548 1966 1736 2010 vocatur
1770 1967 1891 2011 certe
1923 1963 2095 2010 morbus
2109 1998 2123 2019 ,

325 2048 408 2112 qui
456 2047 620 2094 urendo
675 2047 749 2094 vel
797 2046 998 2103 secando,
1048 2049 1101 2092 ut
1145 2045 1274 2103 dicit,
1310 2045 1542 2093 sanandus
1577 2046 1648 2094 sit.
1713 2046 1778 2094 Ut
1811 2051 1967 2094 autem
1998 2050 2124 2093 recte

325 2131 494 2179 dicitur
543 2137 675 2192 πῆμοι
714 2131 843 2180 νόσου
881 2130 1131 2191 (Porsonus
1175 2130 1351 2177 confert
1396 2130 1533 2193 Soph.
1572 2130 1689 2178 Phil.
1733 2131 1849 2189 754,
1890 2131 1962 2179 Ai.
2008 2133 2122 2192 356)

322 2216 387 2264 ita
421 2216 546 2272 νόσος
579 2215 795 2274 πῆμοιτος
829 2229 988 2260 vereor
1019 2229 1077 2260 ne
1111 2229 1205 2259 non
1238 2213 1407 2260 rectius
1441 2229 1600 2275 graece
1636 2213 1814 2260 dicatur
1862 2231 2000 2278 quam
2044 2231 2126 2262 no-

322 2305 415 2348 stro
450 2315 658 2346 sermone
686 2298 738 2346 de
780 2298 915 2345 zielcte
956 2315 1041 2345 van
1072 2299 1144 2345 ket
1177 2298 1320 2358 szden.
1387 2297 1569 2344 Dicitur
1603 2297 1790 2362 quidem
1823 2298 2010 2346 morbus
2045 2314 2125 2362 pe-

323 2383 570 2440 stilentiae,
622 2380 897 2439 discordiae,
946 2380 1172 2438 insaniae,
1222 2381 1286 2428 ita
1329 2397 1516 2445 nempe,
1551 2386 1603 2428 ut
1636 2382 1865 2444 genitivus
1899 2381 2124 2444 significet

323 2468 525 2533 speciem
573 2466 740 2522 morbi3
792 2469 837 2512 et
886 2465 950 2512 sic
999 2465 1139 2512 latine
1193 2464 1284 2512 dici
1335 2465 1472 2512 etiam
1516 2469 1670 2529 posset
1711 2467 1882 2514 morbus
1913 2467 2020 2513 mali
2052 2468 2124 2527 (ut

322 2553 617 2600 Hermannus
650 2549 785 2598 vertit
817 2551 942 2599 νόσον
971 2551 1234 2610 πῆμκτος),
1269 2549 1308 2596 si
1341 2552 1501 2597 malum
1534 2567 1618 2613 pro
1641 2550 1872 2611 pravitate
1902 2554 2099 2614 ponatur
2112 2571 2124 2606 ;

323 2641 369 2684 at
401 2637 513 2683 haec
545 2650 641 2682 non
673 2637 742 2681 est
775 2632 1043 2695 significatio
1076 2633 1199 2680 vocis
1235 2636 1473 2694 πῆμοιτος.

387 2767 466 2814 Vs.
503 2766 610 2815 761.
676 2763 828 2825 Vulgo
862 2761 1118 2809 secundum
1150 2762 1292 2808 libros
1326 2762 1486 2823 legunt

704 2888 780 2933 νῦν
811 2884 852 2932 δ’
888 2883 935 2940 ἐς
968 2884 1182 2943 μέλαθρα
1214 2886 1293 2932 ux}
1326 2883 1490 2943 δόμους
1524 2882 1774 2942 ἐφεστίους

708 2967 847 3015 ἐλθὼν
880 2968 1013 3014 Θεοῖσι
1047 2972 1209 3025 πρῶτοι
1242 2961 1535 3024 δεξιώσομαι.

323 3093 411 3140 Pro
457 3093 621 3153 δόμους
667 3093 916 3154 ἐφεστίους
950 3089 1090 3141 ἐλθὼν
1141 3089 1348 3138 dubitavi
1397 3105 1510 3137 num
1542 3092 1680 3153 pocta
1713 3087 1967 3151 scripsisset
2001 3087 2115 3148 ἐφέ·

323 3195 472 3233 στιος.
523 3177 596 3222 Ita
627 3175 765 3222 Hom.
789 3175 879 3222 Od.
903 3176 967 3234 ψ,
996 3177 1078 3221 55:
1114 3172 1218 3230 ἶλθε
1245 3182 1330 3235 μὲν
1356 3175 1498 3232 οιῧτὸς
1531 3177 1640 3235 ζωός
1664 3174 1904 3235 ἐφέστιος.
1955 3172 2118 3233 Aesch.

324 3260 484 3323 Suppl.
530 3262 648 3307 365:
697 3261 893 3315 κάθησθε
924 3259 1146 3318 δωμάτων
1180 3259 1396 3320 ἐφέστιοι
1430 3260 1564 3318 ἐμῶν.
1631 3258 1767 3320 Soph.
1803 3257 1963 3306 Trach.
2001 3259 2117 3304 261:

323 3343 373 3401 ὃς
405 3344 545 3393 afim
578 3344 761 3392 ἐλθόντ’
800 3343 848 3400 ἐς
883 3343 1050 3402 δόμους
1077 3343 1295 3403 ἐφέστιον
1321 3342 1600 3402 ἐπερρόθησε.
1659 3341 1817 3404 Eurip.
1838 3342 1974 3390 RheS.
2000 3344 2118 3388 201:

324 3429 464 3475 ἐλθὼν
511 3427 559 3483 ἐς
607 3427 770 3487 δόμους
818 3427 1056 3486 ἐφέστιος.
1125 3425 1282 3487 Quum
1330 3428 1484 3471 tamen
1533 3425 1662 3485 δόμοι
1712 3426 1924 3484 ἐφέστιοι
1980 3425 2117 3472 etiam

325 3509 432 3556 alibi
483 3508 607 3572 apud
656 3509 934 3571 Aeschylum
982 3509 1182 3571 legatur,
1232 3508 1524 3556 temerarium
1575 3513 1693 3555 esset
1744 3514 1934 3557 mutare.
2010 3508 2116 3557 Vid.

322 3596 475 3640 annot.
521 3591 578 3638 ad
610 3607 673 3639 vs.
710 3594 804 3639 384
839 3591 929 3653 huj.
965 3591 1068 3640 edit.
1102 3592 1305 3640 Verbum
1338 3596 1492 3639 autem
1527 3591 1786 3653 δεξιοῦσθαι
1820 3609 1925 3640 cum
1961 3592 2114 3640 dativo
