2340 3958
270 211 339 260 94«
505 222 513 235 ⁶
1019 212 1362 259 ΑΙΣΧΥΛΟΥ

554 373 596 424 ι’.
634 372 771 435 κάγὼ
809 371 1013 432 τοιοῦτός
1053 372 1166 434 εἰμ’,
1210 371 1313 423 ἐπεὶ
1351 369 1642 436 δυςμηχανῶ

276 483 416 534 1250

1982 386 2087 425 1360

639 480 824 543 λόγοισι
861 479 942 535 τὸν
979 479 1162 534 θανόντ’
1198 478 1454 533 ἀνιστάναι
1493 479 1655 532 πάλιν.

348 598 490 644 ΧΟΡ.
523 591 602 642 ια’.
642 587 671 652 ἦ
706 587 792 643 καὶ
828 589 934 653 βίον
971 588 1202 648 τείνοντες
1239 584 1315 641 ὧδ’
1359 586 1615 652 ὑπείξομεν

639 697 799 779 δόμων
828 703 1243 764 καταισχυντῆρσι
1280 694 1424 756 τοῖςέ’
1462 696 1771 760 ἦγουμένοις;

524 806 606 871 ιβ’.
644 805 761 861 άλλ’
798 807 883 860 οὐκ
918 805 1115 861 άνεκτὸν
1129 846 1142 870 ,
1178 806 1320 859 άλλα
1356 807 1611 858 κατθανεῖν
1649 810 1841 872 κρατεῖ·

645 915 921 983 πεπαιτέρα
955 915 1055 982 γάρ
1094 921 1238 982 μοῖρα
1273 920 1362 976 τῆς
1399 913 1679 980 τυραννίδος.

280 1029 418 1078 1255
522 1026 604 1089 ιγ’.

1985 932 2089 972 1365

643 1023 674 1088 ἦ
709 1025 808 1093 γάρ
844 1025 1159 1092 τεκμηρίοισιν
1196 1023 1252 1088 ἐξ
1286 1023 1614 1089 οἰμωγμάτων

644 1134 1050 1200 μαντευσόμεσθα
1087 1134 1281 1201 τάνδρὸς
1319 1136 1381 1193 ὡς
1419 1132 1682 1196 όλωλότος;

533 1245 602 1299 ιδ’.
641 1245 768 1314 σάφ’
804 1245 990 1306 εἰδότας
1025 1246 1124 1312 χρη
1162 1245 1305 1300 τῶνδε
1343 1245 1592 1308 μυθεῖσθαι
1627 1243 1753 1309 πέρι·

644 1355 700 1409 τὸ
737 1355 836 1421 γάρ
871 1353 1097 1422 τοπάζειν
1132 1359 1217 1408 τοῦ
1255 1353 1381 1423 σάφ’
1418 1352 1588 1406 εἰδέναι
1627 1352 1766 1418 δίχα.

540 1467 607 1519 ιε’.
645 1465 830 1528 ταύτην
867 1466 1077 1520 ἐπαινεῖν
1113 1463 1344 1519 πάντοθεν
1382 1463 1712 1526 πληθύνομαι,

279 1577 419 1626 1260

1987 1480 2092 1523 1370

642 1579 825 1642 τρανῶς
859 1574 1102 1643 Ἀτρείδην
1139 1576 1307 1630 εἰδέναι
1345 1580 1578 1643 κυροῦντα
1614 1578 1731 1634 πῶς.

877 1810 1489 1858 ΚΛΤΤΑΙΜΝΗΣΤΡΑ.

648 2025 847 2075 Πολλῶν
885 2021 1100 2089 πάροιθεν
1137 2022 1325 2089 καιρίως
1363 2022 1612 2088 εἰρημένων

648 2131 866 2187 τάναντΓ
903 2134 1052 2186 εἰπεῖν
1088 2135 1172 2187 οὐκ
1209 2134 1677 2200 ἐπαισχυνθήσομαι.

648 2248 749 2303 πῶς
789 2243 888 2312 γάρ
923 2264 997 2306 τις
1035 2245 1218 2312 ἐχθροῖς
1259 2245 1414 2311 ἐχθροὶ
1451 2244 1716 2312 πορσύνων,
1756 2243 1916 2312 φίλοις

282 2409 332 2451 V.
377 2411 495 2452 1259.
539 2413 649 2453 Fort.
687 2412 763 2466 leg.
805 2415 1053 2470 κρατύνομοιι.

281 2513 334 2554 V.
365 2514 485 2554 1251.
514 2516 598 2569 βίον
623 2517 838 2563 κτείνοντες.
899 2517 1020 2560 1257.
1041 2521 1262 2570 μυθοΰσθαι.
1323 2516 1444 2557 1260.
1475 2515 1637 2573 κυροῦνθ’
1657 2518 1769 2563 ὅπως.

279 2654 420 2702 ἡδονήν.
475 2654 527 2696 cf.
567 2655 713 2696 Matth.
755 2657 828 2697 Gr.
873 2657 945 2698 Gr.
987 2663 1005 2708 ς
1049 2658 1144 2701 570.

274 2720 380 2760 Mire
405 2721 447 2761 in
475 2722 547 2762 hoc
575 2722 675 2762 dieto
699 2722 921 2776 explicando
935 2723 1145 2766 halucinati

282 2790 372 2829 sunt
398 2787 571 2842 plerique
597 2789 847 2843 interpretes,
880 2795 1037 2845 excepto
1066 2793 1142 2834 Bo-

282 2856 363 2896 thio
378 2861 416 2897 et
431 2857 668 2910 Hartungio.
700 2858 804 2898 Huic
828 2859 928 2899 dicto
943 2861 1147 2912 respondet

284 2936 468 2977 sequens:
500 2929 603 2978 κάγὼ
629 2929 795 2974 τοιοῦτός
825 2929 905 2979 εἰμι
931 2929 1010 2969 κτὲ.
1045 2946 1063 2962 u
1077 2941 1148 2980 ego

283 2992 324 3032 in
349 2992 477 3032 eadem
501 3007 586 3032 sum
604 2995 810 3034 sententia:
827 3008 903 3034 non
921 2995 1023 3035 enim
1040 2995 1148 3035 video

283 3060 471 3111 quomodo
500 3061 664 3114 λόγοισι,
695 3062 736 3102 h.
753 3075 789 3102 e.
818 3061 974 3102 consilio
997 3063 1146 3111 dando,

286 3129 481 3166 mortuum
505 3129 546 3167 in
574 3129 691 3169 vitam
722 3142 901 3169 revocare
927 3129 1110 3183 possim.'’

342 3194 462 3234 1251-
505 3197 529 3242 ἧ
568 3199 636 3239 καὶ
674 3199 761 3251 βίον
803 3199 995 3245 τείνοντες.
1050 3199 1150 3238 Sunt

287 3260 394 3301 verbi
420 3261 508 3302 irati
536 3270 574 3302 et
596 3264 827 3317 increpantis
842 3265 1150 3317 praecedentium

283 3328 457 3368 timidam
503 3330 795 3370 cunctationem.
858 3350 877 3366 n
893 3333 999 3372 Num
1049 3333 1150 3373 vitae

286 3395 541 3435 extendendae
567 3409 635 3449 spe
678 3402 762 3447 (nos
794 3411 900 3439 senes
922 3399 1005 3450 jam
1033 3399 1151 3440 morti

287 3462 507 3515 propinqui)
547 3462 724 3516 turpibus
765 3465 927 3506 dominis
962 3480 1032 3508 nos
1059 3467 1148 3507 sub·

287 3530 537 3571 mittemnsP”
566 3531 618 3570 cf.
648 3532 865 3574 Commeat.

292 3604 294 3606 ’
345 3598 462 3639 1255.
504 3603 761 3655 τεκμηρίοισιν
797 3601 838 3647 ἐξ
874 3603 1147 3655 οἰμωγμάτων,

1226 2659 1370 2697 temere
1396 2659 1587 2696 tentatum
1606 2654 1655 2695 ab
1682 2655 1930 2708 Hartungio,
1959 2657 2017 2695 est
2045 2655 2098 2694 id.

1224 2725 1324 2778 quod
1339 2726 1558 2780 τεκμηρίοις
1571 2726 1750 2770 ἀπίστοις
1765 2730 1985 2780 (τεκμήριον
1997 2721 2099 2762 enim

1226 2805 1304 2832 non
1331 2792 1454 2832 solum
1482 2797 1540 2832 est
1568 2797 1726 2844 σημεῖον
1753 2794 1913 2840 ἀληθές,
1942 2792 1986 2829 ut
1998 2788 2099 2841 expl.

1227 2859 1440 2911 Hesyeh.)‚
1482 2859 1654 2898 uindiciis
1697 2871 1775 2898 non
1802 2871 1823 2897 e
1852 2857 1960 2897 claro
1988 2856 2098 2895 testi-

1226 2927 1354 2967 monio
1382 2926 1446 2966 sed
1474 2925 1634 2966 obscuro
1663 2939 1684 2965 e
1712 2925 1878 2966 clamore
1897 2926 1936 2964 et
1957 2923 2100 2974 ejulatu

1228 2993 1408 3037 effectis.”
1463 2992 1606 3033 Similis
1655 2993 1838 3044 junctura
1876 3004 1934 3031 vs.
1965 2991 2098 3031 1112:

1233 3066 1401 3117 θέσφατα
1429 3063 1471 3108 ἐξ
1500 3064 1745 3113 αἰνιγμάτων.

1289 3130 1408 3169 1261.
1441 3129 1594 3181 Apertis
1637 3128 1841 3180 derepente
1882 3125 1988 3165 ostiis
2029 3139 2098 3178 ap-

1228 3199 1338 3250 paret
1367 3194 1669 3246 Clytaemnestra
1710 3196 1814 3232 stans
1842 3205 1958 3245 super
1987 3191 2098 3232 cada-

1232 3276 1321 3304 vere
1361 3262 1503 3309 occisi,
1546 3261 1646 3314 quod
1685 3263 1814 3301 tamen
1843 3259 1925 3300 velo
1953 3262 2097 3299 tectum

1232 3334 1335 3377 erat,
1377 3342 1452 3382 quo
1486 3331 1531 3369 fit
1567 3332 1610 3368 ut
1655 3342 1732 3368 non
1759 3328 1890 3367 statim
1916 3340 1939 3367 a
1970 3327 2100 3367 Choro

1230 3396 1498 3450 conspiciatur.
1556 3394 1691 3434 Paullo
1731 3398 1818 3447 post
1855 3397 1984 3433 amoto
2014 3392 2099 3433 velo

1230 3464 1419 3516 detegitur
1433 3476 1456 3504 a
1471 3462 1794 3514 Clytaemnestra:
1812 3462 1891 3502 vid.
1905 3474 1962 3501 vs.
1979 3462 2101 3501 1404.

1285 3531 1406 3571 1261.
1435 3532 1613 3587 καιρίως,
1645 3534 1878 3582 opportune,
1905 3529 1934 3568 i.
1950 3542 1983 3568 e.
2009 3541 2098 3568 con-

1231 3599 1428 3641 venienter
1447 3598 1633 3651 tempori,
1663 3610 1740 3638 non
1767 3597 1942 3638 veritati:
1968 3595 2100 3636 eallid-
