2306 3944
311 222 404 271 270
970 222 1471 271 COMMENTARIUS

310 390 421 421 esso.
490 371 752 420 Similitudo
803 372 1037 420 literarum
1088 384 1180 426 ΛΗ
1233 378 1278 422 et
1329 384 1375 423 M
1431 388 1587 422 ansam
1647 372 1777 420 dedit
1828 374 1981 422 errori.
2048 375 2116 421 Os·

308 459 434 506 Bast.
470 458 723 505 Comment.
757 458 990 521 Palaeogr.
1027 476 1072 523 p.
1109 459 1202 508 723
1237 475 1303 523 sq.

374 577 451 626 Vs.
490 577 630 626 1137.
697 579 929 640 εὔφημον,
963 581 996 631 a
1029 585 1271 638 τάλαινα,
1302 584 1519 641 κοίμησον
1550 581 1727 638 στόμα.

306 689 396 736 Pro
432 693 646 751 κοίμησον
679 689 980 738 Casaubonus
1015 695 1060 738 et
1092 691 1252 755 plures
1285 708 1391 740 cum
1425 692 1561 740 Farn.
1592 695 1800 752 κοίμισον
1822 687 2116 736 scribendum

306 776 540 835 putarunt.
609 773 863 821 Ambarum
911 774 1162 823 formarum
1211 776 1428 841 frequens
1476 781 1547 824 est
1594 774 1870 840 permutatio
1911 776 1959 820 et
1991 772 2117 836 optio

304 873 441 920 saepe
468 856 705 919 ambigua,
740 875 885 923 quum
918 859 1078 907 eadem
1113 860 1173 908 sit
1205 860 1446 925 utriusque
1479 861 1606 908 verbi
1641 858 1913 922 significatio
1947 861 1993 905 et
2025 873 2117 905 me-

303 944 428 987 trum
461 940 696 989 interdum
746 942 815 990 uti
849 943 893 991 h.
916 943 946 992 l.
981 942 1097 991 nihil
1131 944 1325 995 differat.
1391 945 1516 1007 Ergo
1559 961 1633 993 res
1672 962 1698 992 e
1738 948 1977 1008 poetarum
2028 958 2118 988 usu

306 1023 614 1086 dijudicanda.
681 1026 914 1074 Homerus
964 1043 1146 1092 semper
1189 1033 1382 1093 usurpat
1419 1037 1610 1089 κοιμᾶν,
1647 1032 1694 1075 et
1725 1028 1830 1090 jure
1864 1028 1920 1075 ab
1955 1027 2119 1074 Eusta-

302 1108 400 1156 thio
434 1109 681 1173 improbati
715 1114 825 1158 sunt
857 1110 937 1174 qui
972 1111 1027 1159 Il.
1049 1132 1086 1172 μ
1102 1147 1119 1172 ,
1138 1114 1256 1170 281,
1279 1129 1363 1176 pro
1386 1117 1602 1173 κοίμησεν
1628 1111 1668 1162 δ’
1694 1114 1889 1174 ἀνέμους
1913 1112 2118 1174 legerent

302 1197 562 1253 κοίμισσεν.
638 1193 745 1242 Vid.
797 1194 1026 1258 Spitzner.
1074 1196 1132 1244 ad
1169 1197 1214 1245 h.
1248 1196 1278 1244 l.
1345 1196 1498 1243 Etiam
1548 1195 1806 1258 Aeschylus
1856 1196 2117 1260 frequentat

304 1283 485 1338 κοιμῖιν.
543 1276 685 1341 Apud
719 1278 995 1342 Sophoclem
1028 1285 1222 1344 utraque
1256 1281 1403 1328 forma
1436 1279 1655 1336 occurrit3
1689 1295 1930 1343 perperam
1961 1284 2116 1327 tamen

302 1360 351 1407 in
385 1360 504 1408 Oed.
536 1361 590 1409 R.
625 1377 690 1409 vs,
727 1364 853 1410 1222
889 1363 1026 1412 Laur.
1055 1364 1193 1412 lectio
1219 1367 1540 1424 κατεκοίμισα
1572 1363 1742 1424 vobim
1773 1365 1906 1426 ’ὄμμα
1938 1363 1988 1410 in
2014 1363 2117 1426 plu-

301 1444 430 1493 ribus
478 1445 609 1493 libris
658 1451 835 1495 mutata
874 1452 943 1496 est
975 1448 1026 1496 in
1060 1455 1411 1510 κατεκοίμησα,
1447 1447 1574 1512 quod
1607 1453 1677 1496 est
1710 1452 1869 1496 contra
1901 1451 2111 1495 metrum.

302 1530 551 1594 Euripides
596 1547 703 1579 vero
746 1532 1008 1596 frequentat
1039 1538 1279 1597 κοιμίζειν.
1344 1533 1470 1580 Η1110
1503 1532 1824 1580 Blomfieldius
1856 1532 1901 1580 h.
1923 1532 1952 1579 l.
1986 1547 2116 1594 prae-

300 1614 408 1661 tulit
456 1599 653 1677 accubat,
695 1616 888 1664 formam
938 1618 1057 1665 hane
1100 1617 1408 1682 antiquiorem
1441 1617 1678 1680 judicans3
1715 1617 1908 1666 eandem
1941 1615 2116 1680 recepit

298 1698 618 1757 Hermannus,
669 1701 752 1748 sed
803 1701 971 1765 (addit)
1021 1718 1115 1750 non
1150 1702 1275 1766 quod
1309 1707 1476 1764 κοιμῖιν
1509 1702 1733 1750 vetustior
1765 1702 1913 1750 forma
1945 1702 2027 1760 sit,
2062 1706 2115 1749 ut

298 1782 448 1830 visum
499 1783 806 1834 Blomfieldio.
873 1785 1052 1834 Vellem
1096 1786 1260 1848 judicii
1309 1787 1382 1834 sui
1433 1787 1634 1835 rationes
1683 1787 1964 1844 addidisset3
2002 1787 2116 1834 mihi

301 1871 426 1915 certe
459 1868 598 1916 allata
630 1868 770 1917 modo
799 1870 1062 1919 testimonia
1086 1871 1367 1919 Blomfieldii
1388 1871 1665 1920 sententiam
1686 1871 1902 1921 videntur
1923 1873 2116 1921 firmare.

367 1987 447 2036 Vs.
484 1989 626 2036 1139.
692 1988 782 2036 Pro
828 1991 937 2048 οὔκ,
984 1994 1026 2042 εἷ
1074 1996 1310 2053 πάρεσταὶ
1355 1998 1405 2056 γ’
1444 1991 1606 2056 scripsi
1641 1994 1754 2049 οὔκ,
1787 1995 1828 2042 εἷ
1861 1997 2113 2054 πάρεστιν,

296 2071 564 2135 postulante
615 2088 768 2121 sensu.
836 2073 1096 2121 Cassandra
1139 2074 1275 2123 dixit:
1312 2076 1546 2133 „Nullum
1581 2081 1651 2124 est
1683 2076 1942 2124 remedium
1974 2076 2114 2137 hujus

300 2155 618 2204 calamitatisf’
683 2157 954 2221 Respondet
1004 2158 1202 2206 Chorus:
1258 2160 1490 2217 „Nullum
1542 2175 1674 2217 sane,
1716 2159 1755 2207 si
1789 2160 1933 2207 semel
1966 2159 2110 2216 adsit3

300 2239 383 2288 sed
409 2256 468 2288 ne
494 2241 698 2300 eveniat,
723 2243 876 2306 opto.’'
911 2242 1188 2291 Cassandra:
1214 2244 1326 2301 „Tu
1342 2248 1494 2308 optas,
1513 2244 1583 2291 illi
1599 2243 1778 2292 facinus
1804 2243 2115 2308 perpetrant.''

360 2361 440 2410 Vs.
475 2363 618 2408 1142.
684 2359 708 2418 Ξ
738 2361 874 2423 κάρτ’
907 2363 975 2424 ἄρ’
1010 2362 1066 2412 ’ἄν
1103 2364 1413 2425 παρεσκόπεις
1449 2369 1669 2426 χρησμῶν
1702 2363 1843 2423 ἐμῶν.

296 2472 371 2520 Sic
420 2471 574 2534 vulgo.
640 2472 704 2520 At
754 2473 809 2523 ἂν
860 2473 1063 2522 alienum
1114 2491 1214 2523 esse
1263 2475 1472 2540 plerique
1524 2480 1813 2538 agnoverunt
1845 2479 1892 2523 et
1924 2491 2111 2540 operam

294 2555 498 2619 perdunt
544 2555 584 2603 si
633 2556 737 2620 qui,
782 2574 905 2605 unus
948 2561 995 2605 et
1027 2558 1162 2617 alter,
1201 2559 1320 2606 illud
1344 2560 1478 2607 «tueri
1521 2559 1723 2608 student.
1771 2559 1944 2623 Aperte
1983 2559 2108 2607 enim

297 2639 554 2687 Cassandra
606 2640 694 2687 hoc
743 2640 875 2688 dicit:
927 2643 1066 2703 plane
1116 2646 1160 2690 te
1195 2643 1328 2704 suffit
1374 2643 1682 2690 vaticiniorum
1725 2660 1915 2690 meorum
1951 2660 2110 2691 sensus.

294 2724 394 2770 Viri
429 2723 553 2770 docti
587 2724 712 2771 varia
748 2725 1062 2786 conjecerunt,
1097 2725 1121 2783 Ξ
1154 2728 1292 2788 κάρτ’
1326 2730 1482 2789 ἄγαν,
1522 2726 1544 2784 ἦ
1576 2731 1736 2788 κάρτα
1767 2733 1887 2790 γάρ,
1921 2726 1944 2783 ἦ
1973 2732 2109 2788 κάρτ’

295 2808 364 2869 ἄρ’
401 2807 478 2857 α’ῧ.
526 2807 816 2856 Postremum
851 2810 938 2857 hoc
979 2815 1253 2874 receperunt
1285 2812 1570 2868 KlausenUS,
1605 2811 1850 2868 Franzius,
1883 2811 2111 2858 Herman-

294 2907 415 2947 nus3
451 2891 534 2938 sed
567 2908 731 2955 parum
765 2897 925 2957 aptum
959 2898 1029 2941 est-
1062 2893 1142 2951 αὖ,
1185 2894 1316 2958 quasi
1349 2894 1424 2941 hic
1458 2894 1514 2941 de
1550 2893 1731 2940 duabus
1752 2894 1890 2941 rebus
1918 2893 2109 2942 diversis

297 2990 446 3021 sermo
478 2974 558 3032 sit;
594 2980 641 3022 at
671 2992 789 3040 quae
821 2975 879 3024 de
903 2977 1042 3024 caede
1065 2978 1425 3040 Agamemnonis
1449 2982 1494 3025 et
1518 2977 1575 3024 de
1599 2977 1753 3024 caedis
1775 2982 1960 3024 auctore
1983 2977 2109 3024 dixe-

294 3062 364 3104 rat
395 3058 675 3116 Cassandra,
698 3059 758 3106 ad
780 3077 927 3107 unum
951 3060 1169 3125 idemque
1191 3062 1363 3109 factum
1385 3061 1687 3125 pertinebant.
1740 3061 1829 3108 Sed
1853 3061 1941 3108 alia
1969 3062 2107 3108 etiam

296 3146 364 3188 est
399 3142 665 3200 difficultas,
695 3160 834 3207 quam
862 3162 1027 3208 parum
1050 3146 1350 3193 attenderunt
1369 3145 1655 3209 interpretes.
1717 3145 1922 3192 Verbum
1956 3165 2105 3207 παρα·

295 3232 510 3285 σκοπεῖν,
565 3231 618 3274 ut
650 3236 878 3289 παρορῖιν,
913 3233 1220 3291 παρακούειν,
1255 3234 1520 3292 παρανοεῖν,
1569 3245 1663 3276 11011
1713 3229 1987 3291 genitivum,
2021 3229 2106 3276 sed

294 3308 604 3357 accusativum
635 3311 764 3372 regit.
810 3312 952 3359 Putes
987 3313 1241 3373 genitivum
1276 3314 1340 3361 sic
1374 3312 1592 3377 explicari
1626 3329 1782 3375 posse,
1809 3313 2107 3377 quemadmo-

296 3391 408 3438 dum
439 3409 509 3440 ex.
542 3410 606 3454 gr.
636 3399 975 3456 παροὶχεσθαι,
996 3400 1419 3458 παραπλάζεσθαι,
1455 3401 1736 3457 παραπαίειν
1767 3413 1871 3443 011111
1901 3397 2104 3459 genitivo

295 3479 644 3533 construuntur3
681 3476 762 3523 sed
797 3477 846 3523 in
878 3477 951 3524 his
986 3480 1250 3543 compositis
1283 3500 1436 3541 παρα-
1468 3478 1592 3526 idem
1625 3480 1748 3527 valet
1774 3480 1900 3544 quod
1930 3482 2102 3541 ἐκτός,

294 3563 348 3606 ut
398 3576 542 3623 quum
594 3559 850 3623 Aeschylus
895 3562 1054 3626 Suppl.
1098 3566 1192 3610 452
1230 3563 1361 3610 dicit:
1396 3563 1418 3621 ἦ
1449 3567 1606 3624 κάρτα
1639 3569 1810 3622 νείκους
1845 3566 1973 3615 τοῦδ’
2006 3568 2104 3628 ἐγὼ

295 3647 610 3706 παροίχομαι,
657 3644 699 3691 h.
734 3661 772 3691 e.
814 3645 953 3704 ἐκτὸς
1000 3650 1194 3709 οἴχομαι
1231 3652 1316 3697 τοῦ
1350 3650 1539 3703 νείκους.
1604 3647 1763 3710 Eurip.
1798 3646 1939 3711 Hipp.
1979 3650 2100 3695 240:
