2340 3958
234 152 263 199 6
968 157 1318 203 ΑΙΣΧΥΛΟΥ

272 317 301 363 5
380 313 462 366 καὶ
503 314 612 372 τοὺς
650 314 884 382 φέροντας
922 321 1088 379 χεῖμα
1126 314 1207 366 καὶ
1249 315 1370 381 θέρος
1410 315 1595 381 βροτοῖς
2034 343 2054 379 5

374 423 628 490 λαμπροὺς
668 421 933 484 δυνάστας,
976 422 1311 488 ἐμπρέποντας
1353 423 1507 489 αἰθέρι.

383 532 465 585 καὶ
506 537 584 585 νῦν
623 530 867 600 φυλάσσω
907 531 1172 595 λαμπάδος
1212 531 1267 584 τὸ
1307 532 1583 597 σύμβολον,

378 642 536 703 αὐγὴν
574 641 715 707 πυρὸς
756 640 995 710 φέρουσαν
1038 643 1090 693 ἐκ
1131 640 1308 708 Τροίας
1348 639 1503 710 φάτιν

379 748 623 814 οὶλώσιμόν
661 772 717 803 τε
755 749 919 814 βαξιν·
963 748 1049 803 ὦδε
1090 750 1188 818 γαρ
1227 757 1420 818 κρατεῖν
2009 775 2059 814 10

234 864 300 914 10
380 859 603 924 γυναικὸς
641 859 954 926 ἀνδρόβουλον
991 859 1173 926 ἐλπίζει
1213 860 1344 927 κέαρ.

381 969 480 1025 εὖτ’
517 969 578 1023 ἂν
616 970 664 1022 δὲ
703 970 1096 1034 νυκτίπλαγκτον
1135 970 1338 1037 ἔνδροσόν
1378 969 1422 1023 τ’
1468 970 1568 1036 ἔχω

384 1083 504 1147 ἐμὴν
542 1080 722 1147 ὀνείροις
760 1082 844 1133 οὐκ
882 1080 1293 1144 ἐπισκοπουμένην

381 1193 544 1254 εὐνήν,
583 1189 742 1258 φόβος
781 1190 880 1258 γαρ
919 1191 1020 1243 ἀνθ’
1063 1190 1207 1244 ὕπνου
1246 1197 1591 1257 παραστατεῖ,

385 1301 440 1354 τὸ
479 1301 569 1366 μὲν
608 1301 829 1366 βεβαίως
866 1301 1108 1369 βλέφαρα
1148 1301 1429 1366 συμβαλεῖν
1468 1303 1595 1354 ὀκνῶ·
2014 1321 2062 1358 15

239 1416 306 1464 15
386 1411 504 1465 ὅταν
542 1412 582 1464 δ’
613 1412 791 1465 οὶείδειν
830 1412 858 1473 ἢ
897 1411 1170 1478 μινύρεσθαι
1214 1412 1358 1476 δοκῶ,

386 1521 529 1576 ὕπνου
566 1522 663 1576 τόδ’
700 1522 998 1588 οὶντίμολπον
1037 1523 1272 1588 ἐντέμνων
1311 1521 1453 1586 ἄκος,

238 1675 288 1715 V.
320 1676 359 1715 6.
388 1675 496 1715 Libri
523 1675 610 1727 post
638 1677 903 1731 ἐμπρέποντας
931 1679 1055 1732 αἰθέρι
1083 1676 1259 1716 inserunt
1285 1676 1390 1715 hunc
1420 1687 1574 1715 versum
1591 1692 1602 1714 :

455 1754 647 1804 ἀστέρας,
680 1751 769 1789 ὅταν
796 1751 987 1803 φθίνωσιν,
1017 1751 1172 1796 ἀντολάς
1201 1767 1245 1790 τε
1277 1756 1361 1792 τῶν.

238 1844 290 1883 V.
320 1845 360 1883 9.
392 1844 458 1883 10.
486 1849 648 1898 κρατεῖ.
671 1875 679 1884 .
702 1878 708 1885 .

747 1846 906 1895 ἐλπίζον.
970 1845 1034 1883 12.
1072 1846 1133 1883 13.
1162 1847 1260 1893 εὐνὴν
1289 1847 1442 1900 ὀνείροις
1485 1866 1540 1872 -
1584 1846 1700 1895 ἐμήν,
1738 1847 1854 1897 φόβος
1882 1843 1958 1895 γὰρ
1983 1841 2062 1881 κτὲ.

293 1916 359 1956 13.
391 1917 456 1956 14.
486 1923 733 1973 παραστατεῖ
760 1921 804 1958 τὸ
833 1923 888 1969 μὴ
922 1919 1094 1972 βεβαίως
1125 1920 1306 1974 βλέφαρα
1335 1917 1548 1971 συμβαλεῖν
1574 1916 1686 1968 ὕπνῳ.

238 2050 458 2097 invenitur;
516 2062 608 2089 nam
647 2049 689 2089 in
726 2062 840 2090 versu
880 2050 993 2090 Eum.
1032 2051 1109 2090 361

239 2119 343 2158 recte
370 2116 551 2157 scribitur
579 2122 767 2159 ἀνέκαθεν.

294 2189 392 2231 κυνὸς
435 2187 558 2237 δίκην,
602 2188 735 2239 utpote
763 2185 829 2238 qui
855 2187 972 2226 noctu
1000 2199 1112 2225 excu-

241 2252 324 2292 bari
365 2253 461 2292 solet
471 2271 482 2301 ;
525 2252 631 2293 nulla
670 2253 713 2292 in
752 2253 824 2292 hac
860 2254 1028 2306 imagine
1056 2256 1114 2293 est

242 2322 456 2361 contemtus
472 2321 711 2374 significatio.
741 2322 803 2362 Cf.
817 2322 918 2362 infra
941 2335 998 2362 vs.
1015 2322 1110 2365 607.

243 2387 356 2428 Plato
384 2387 431 2427 de
459 2389 560 2441 Rep.
588 2389 660 2436 II,
691 2403 732 2442 p.
760 2389 856 2432 375.

301 2458 338 2495 5.
383 2459 445 2497 καὶ
484 2458 569 2503 τοὺς
597 2463 779 2513 φέροντας
804 2459 886 2499 κτὲ.
924 2458 964 2496 h.
986 2471 1020 2497 e.
1051 2461 1118 2499 καὶ

244 2525 329 2570 τοὺς
356 2531 480 2578 χεῖμα
508 2530 688 2581 φέροντας
726 2529 790 2567 καὶ
830 2527 914 2572 τοὺς
944 2530 1048 2582 θέρος
1076 2544 1114 2580 φ.

246 2592 397 2631 Mirum
425 2594 526 2644 quod
555 2594 760 2633 Schiitzius
789 2598 827 2633 et
854 2593 1116 2633 Blomfieldius

246 2658 309 2697 hic
337 2658 466 2699 Solem
493 2661 532 2699 et
546 2660 698 2700 Lunam
724 2660 887 2714 intelligi
915 2663 1115 2714 putarunt,

245 2738 322 2764 non
351 2726 695 2767 animadvertentes
729 2727 775 2767 de
802 2727 1000 2767 nocturnis
1027 2729 1114 2767 tan-

246 2797 332 2833 tum
357 2793 498 2846 vigiliis
525 2794 589 2834 hie
616 2807 832 2835 sermonem
861 2808 961 2843 esse3
992 2797 1030 2835 et
1057 2809 1117 2835 so-

247 2859 379 2905 lebant
404 2863 552 2901 veteres
579 2862 671 2901 anni
698 2862 812 2902 horas
840 2863 997 2902 definire
1020 2863 1117 2902 side-

247 2940 336 2968 rum
364 2930 454 2968 ortu
482 2931 521 2968 et
548 2942 707 2978 occasu,
738 2931 965 2983 praesertim
992 2930 1118 2970 Pleia-

249 2996 341 3034 dum
368 2997 407 3035 et
433 2996 604 3037 Orionis.
631 2998 791 3037 Hesiod.
825 2997 940 3054 '‘Epy.
973 2999 1052 3038 283
1083 3000 1121 3038 et

251 3063 329 3102 609
360 3076 443 3115 sqq.
501 3065 589 3104 Hoc
632 3069 689 3104 est
715 3066 816 3117 quod
842 3067 1118 3106 Prometheum

248 3130 423 3170 homines
473 3131 642 3172 docuisse
691 3131 783 3172 dicit
821 3132 1033 3185 Aeschylus
1078 3133 1120 3172 in

250 3197 385 3236 Prom.
416 3199 498 3237 454
530 3211 612 3250 sqq.

306 3266 343 3303 9.
389 3266 459 3306 ὦδε
498 3270 577 3322 γὰρ
605 3273 780 3323 κρατεῖν,
818 3267 856 3306 11.
885 3281 920 3307 e.
950 3269 1020 3308 ὦδε
1051 3285 1121 3309 τε-

249 3335 395 3374 λεῖσθαι
435 3333 513 3374 sive
554 3336 818 3387 τετελεσμένον
861 3338 1008 3378 ἔσεσθαι
1019 3367 1030 3387 ,
1076 3338 1121 3375 ut

250 3400 459 3439 Homerice
498 3400 648 3453 loquar.
705 3402 951 3458 ἀνδρόβουλον
991 3403 1119 3444 virilis

249 3468 430 3516 consilii,
459 3468 501 3510 h.
516 3481 551 3510 e.
575 3468 686 3508 fortis
709 3471 747 3508 et
771 3470 958 3522 propositi
979 3472 1093 3510 tenax
1106 3488 1116 3518 3

248 3535 289 3575 in
320 3534 470 3576 laudem
498 3535 570 3576 hoc
597 3535 739 3576 dictum
754 3566 767 3586 ‚
810 3537 855 3576 ut
882 3539 985 3577 reete
1012 3550 1115 3577 acce-

1193 2050 1336 2103 perunt
1369 2051 1516 2089 veteres
1546 2046 1811 2100 grammatici,
1853 2058 1928 2098 quo
1956 2057 2070 2084 sensu

1194 2118 1344 2157 Chorus
1372 2130 1430 2156 VS.
1460 2117 1536 2155 351
1554 2132 1563 2154 :
1594 2115 1699 2167 γύναι
1713 2146 1725 2165 ,
1746 2111 1832 2155 κατ’
1854 2115 1977 2170 ἄνδρα
1995 2119 2072 2154 σώ-

1195 2183 1295 2242 φρον’
1314 2187 1492 2240 εὐφρόνως
1512 2186 1644 2235 λέγεις.
1675 2182 1739 2221 Sic
1753 2181 1960 2235 Sophocles
1975 2181 2072 2220 dixit

1194 2252 1333 2292 alicubi
1378 2253 1592 2308 ἀνδρόφρων
1635 2252 1738 2303 γῦνη.
1796 2250 1848 2289 ef.
1891 2249 2072 2302 Euripid.

1196 2322 1328 2360 Orest.
1354 2320 1475 2359 1204.
1515 2319 1661 2358 Contra
1689 2331 1776 2357 oum
1799 2317 1989 2370 vituperio
2003 2334 2074 2370 γυ·

1195 2387 1620 2443 ναικοβοὺλουςμήτιδας
1633 2393 1771 2443 φρενῶν
1787 2385 1878 2425 dicit
1897 2385 2067 2436 Aeschy-

1195 2456 1254 2495 lus
1281 2457 1457 2508 Choeph.
1489 2456 1583 2494 626.

1253 2524 1319 2565 11.
1347 2524 1649 2575 νυκτίπλαγκτον.
1693 2521 1858 2574 Proprie
1884 2521 1958 2561 hoe
1988 2521 2068 2573 sig-

1198 2591 1329 2631 nifieat
1365 2591 1611 2641 noctivaqum
1625 2620 1637 2636 ‚
1678 2589 1778 2627 unde
1813 2590 1923 2642 λέχος
1951 2591 2076 2630 νυκτί-

1200 2661 1389 2711 πλαγκτον
1431 2656 1722 2710 intelligendum
1765 2655 1812 2695 de
1853 2656 1974 2695 cubili
2014 2658 2076 2697 vel

1199 2728 1326 2779 potius
1355 2725 1553 2765 cubitione
1579 2738 1679 2776 vaqa
1693 2755 1705 2771 ,
1734 2723 1940 2770 instabili,
1959 2723 2072 2762 modo

1199 2794 1284 2842 hie,
1315 2793 1428 2833 modo
1458 2791 1536 2831 illic
1564 2804 1603 2831 se
1630 2789 1864 2831 reclinantis.
1911 2789 2072 2842 Epithe-

1199 2863 1268 2901 ton
1296 2874 1318 2900 a
1347 2873 1510 2914 persona
1536 2859 1576 2898 in
1607 2871 1689 2898 rem
1702 2856 1956 2904 translatum,
1978 2857 2076 2897 sicut

1200 2929 1302 2968 infra
1330 2941 1389 2968 vs.
1419 2928 1522 2975 330,
1553 2924 1619 2966 ubi
1648 2930 1758 2971 πόνος
1787 2926 2077 2977 νυκτίπλαγκτος

1201 2995 1355 3036 dicitur.
1400 2993 1548 3033 Similia
1569 2995 1659 3033 sunt
1687 2995 1966 3044 ἁλίπλαγκτος,
1992 3006 2074 3031 ma-

1200 3063 1380 3115 rivaqus,
1411 3064 1686 3114 Αἰγίπλαγκτος
1715 3060 1830 3111 (infra
1863 3072 1920 3099 vs.
1951 3060 2074 3108 303),

1205 3132 1588 3181 θαλασσόπλαγκτος,
1647 3139 1744 3179 quae
1787 3126 1994 3179 composita
2034 3126 2076 3165 in

1200 3197 1308 3237 libris
1346 3197 1489 3250 passim
1529 3209 1616 3236 cum
1658 3197 1824 3240 πλακτος
1851 3207 1882 3233 s.
1912 3196 2077 3241 πληκτος

1202 3267 1501 3305 commutantur.
1554 3262 1767 3302 Amborum
1812 3261 1957 3309 vicina,
1997 3274 2077 3301 non

1201 3335 1330 3372 tamen
1363 3331 1496 3372 similis
1524 3333 1581 3371 est
1611 3330 1850 3383 significatio.
1894 3330 1956 3369 Cf.
1972 3329 2074 3369 infra

1201 3414 1260 3442 vs.
1290 3402 1385 3440 303.
1414 3401 1533 3439 330.·

1258 3469 1326 3508 16.
1355 3470 1467 3509 ὕπνου
1494 3464 1571 3508 τὸδ’
1598 3468 1825 3519 ἀντίμολπον
1853 3470 1956 3512 ἄκος.
1996 3465 2072 3503 Ge-

1202 3536 1344 3578 nitivus
1382 3537 1491 3577 ὕπνου
1517 3547 1593 3576 non
1623 3534 1764 3587 pendet
1792 3533 1839 3574 ab
1869 3539 1982 3582 ἄκος,
2011 3531 2075 3573 sed
