2340 3958
320 136 383 184 16
1053 139 1400 184 ΑΙΣΧΥΛΟΥ

613 296 889 360 βοσκόμενοι
928 296 1140 358 λαγίναν
1179 296 1445 361 ἐρικυμοέδα
1484 297 1700 363 φέρματι
1741 297 1927 359 γένναν,

833 404 1099 467 βλαβέντα
1135 405 1344 457 λοισθίων
1384 405 1576 471 δρόμων.

2052 427 2129 466 120

726 512 901 571 αἴλινον
940 511 1115 567 αἴλινον
1153 515 1288 578 εἶπέ,
1328 515 1382 568 τὸ
1423 514 1461 567 δ’
1500 513 1553 568 εὖ
1591 515 1779 569 νικάτω.

614 622 766 682 κεόνὸς
807 623 856 675 δὲ
894 622 1250 690 στρατόμαντις
1290 625 1419 687 ἰδὼν,
1458 624 1534 677 δύο
1574 625 1763 689 λη’μασι
1804 624 1975 685 δισσοῖς
2047 642 2127 679 ἀντ.

725 733 977 798 Ἀτρεΐδας
1015 733 1272 800 μαχίμους
1312 734 1425 796 ἐδάη
1465 734 1771 797 λαγοδαίτας

948 845 1156 908 πομπαῖς
1190 843 1248 910 άρ
1250 844 1386 909 χούς·

326 1065 427 1115 120

838 951 954 1005 οὕτω
992 954 1032 1006 δ’
1070 950 1177 1006 εἷπε
1215 953 1434 1022 τερᾴζων·

2056 973 2131 1011 125

617 1061 771 1128 χρόνῳ
803 1062 890 1126 μὲν
929 1065 1076 1129 ἀγρεῖ
1108 1063 1330 1129 Πριάμου
1369 1063 1511 1117 πόλιν
1545 1063 1629 1116 ἅδε
1668 1064 1908 1125 κέλευθος,

949 1172 1118 1226 πάντα
1156 1173 1204 1225 δὲ
1243 1173 1438 1239 πύργων

732 1283 905 1343 κτηνη,
947 1282 1060 1348 πρὸς
1099 1282 1148 1334 δὲ
1186 1283 1253 1335 τα
1293 1283 1591 1346 δημιοπληθῆ

732 1396 892 1456 Μοῖρα
929 1390 1147 1454 λαπάξει
1188 1391 1300 1455 πρὸς
1339 1391 1394 1444 τὸ
1432 1391 1606 1456 βίαιον.

2062 1413 2139 1452 130

515 1499 601 1556 οἷον
619 1504 688 1565 μη’
709 1522 781 1562 τις
802 1501 912 1566 ἄγα
932 1502 1080 1555 θεόθεν
1100 1502 1321 1572 κνεφάση
1340 1505 1582 1571 προτυπης
1604 1503 1796 1567 στόμιον
1816 1503 2139 1570 μέγαΤροίας

334 1615 437 1665 125

625 1612 865 1679 κρατηθέν.
904 1613 1041 1672 αἰνῶς
1079 1613 1177 1680 γαρ
1217 1613 1464 1682 ἐπίφθονος
1497 1613 1732 1681 ’Ἄρτεμις
1771 1615 1907 1678 οὶγνα

335 1825 383 1865 V.
415 1827 509 1866 113.
538 1829 752 1883 ἐρικὺματα
780 1834 949 1884 φέρματι
976 1828 1037 1868 Μ.
1066 1830 1265 1885 ἐρικύμονα
1289 1833 1473 1884 φέρβοντο
1501 1827 1562 1868 Fl.
1594 1830 1632 1868 et
1655 1827 1774 1867 Fam.
1798 1830 2014 1880 postremus
2029 1828 2144 1868 etiam

387 1904 631 1954 βοσκομένην.
689 1901 782 1941 116.
811 1902 967 1947 δισσοὺς.
1029 1901 1123 1940 118.
1153 1903 1328 1954 πομποὺς
1356 1901 1391 1943 τ’
1423 1906 1551 1958 ἀρχάς
1578 1901 1640 1940 Μ.
1670 1902 1841 1954 πομποὺς
1869 1900 1904 1942 τ’
1923 1902 2065 1957 ἀρχούς
2083 1901 2143 1940 Fl-

392 1973 486 2012 119.
540 1977 722 2029 τεράζων.
781 1973 912 2025 Etym.
962 1974 1023 2014 M.
1075 1979 1258 2030 τερᾴζων.

1339 1975 1432 2015 122.
1471 1978 1668 2030 προσθετὰ
1710 1974 1768 2013 Μ.
1809 1979 1952 2030 πρόσθε
1988 1979 2040 2016 τὰ
2081 1973 2144 2014 Fl.

389 2046 483 2085 123.
525 2045 630 2101 μοῖρ’
667 2048 858 2093 ἀλαπάξει
905 2047 965 2086 Μ.
1007 2046 1069 2087 Fl.
1108 2054 1229 2104 μοῖρα
1258 2050 1422 2094 λαπάξει
1446 2047 1562 2087 Farn.
1623 2047 1717 2086 124.
1746 2045 1856 2085 Libri
1883 2053 1940 2099 μή
1965 2062 2024 2094 τις
2050 2051 2143 2089 ἄτα.

389 2117 524 2157 deinde
555 2122 747 2175 πρυτυπὲν
772 2120 842 2158 ,Μ.
879 2118 940 2158 Fl.
974 2124 1167 2175 προτυπὲς
1197 2122 1246 2160 G.
1272 2122 1483 2177 προτυφθὲν
1503 2120 1624 2160 Farn.
1682 2118 1775 2159 125.
1806 2123 2034 2176 στρατωθέν.
2063 2122 2150 2174 οἴκῳ

394 2194 470 2246 γὰρ
494 2193 693 2245 ἐπίφθονος.

396 2353 488 2392 113.
508 2355 657 2405 λαγίναν
678 2376 723 2381 -
740 2355 951 2410 ἐρικυμάδα
965 2378 1016 2384 —
1031 2362 1201 2411 φέρματι

339 2419 521 2461 voeabula
548 2421 708 2460 rariora.
765 2427 895 2478 φέρμα
922 2435 944 2461 a
973 2428 1096 2479 φέρειν
1123 2436 1200 2462 non

341 2487 530 2541 significat
566 2493 788 2540 qestamen,
829 2493 872 2529 ut
911 2489 1052 2530 Blomf.
1081 2490 1200 2530 inter-

340 2558 515 2610 pretatur
527 2587 539 2604 ,
570 2556 633 2595 sed
647 2557 781 2609 fetum
796 2588 807 2604 ‚
829 2557 925 2596 siout
943 2560 1047 2597 terra
1065 2557 1203 2597 dieitur

344 2630 468 2680 φέρειν
494 2625 688 2680 nupt-:0533
717 2623 844 2676 ipsum
874 2630 1005 2681 φέρμα
1019 2624 1064 2663 de
1077 2626 1204 2664 terrae

343 2691 530 2731 fructibus
558 2694 765 2744 usurpatur
793 2691 832 2731 in
862 2691 1040 2744 Aeschyli
1067 2692 1203 2746 Suppl.

347 2760 442 2802 672.
497 2764 604 2811 γέννα
643 2761 722 2798 tam
766 2758 812 2798 de
839 2759 1061 2812 parentibus
1089 2772 1204 2811 quam

347 2827 393 2867 de
434 2826 540 2879 prole
592 2826 752 2873 dicitur3
811 2828 941 2880 priore
992 2828 1206 2881 significatu

347 2894 463 2935 etiam
490 2893 590 2932 infra
618 2907 674 2933 vs.
705 2893 799 2936 760.

405 2962 498 3001 115.
518 2964 562 3001 τὸ
576 2958 607 3000 δ’
618 2960 657 3001 εὖ
668 2965 804 3002 νικάτω
819 2992 829 3009 ,
844 2961 885 3000 h.
898 2974 932 3001 e.
949 2964 991 3001 ut
1007 2962 1205 3002 Demosth.

352 3028 455 3068 Phil.
484 3027 521 3067 I.
551 3031 648 3067 extr.
679 3029 794 3068 dicit:
824 3037 932 3085 νικῴη
955 3028 1020 3070 δ’ὃ
1038 3047 1076 3071 τι
1094 3037 1210 3071 πᾶσιν

352 3099 438 3150 ὑμῖν
465 3098 593 3148 μέλλει
621 3098 803 3137 συνοίσειν.

410 3165 502 3203 116.
523 3164 583 3203 δύο
598 3166 741 3214 λήμασι
758 3165 894 3210 δισσοῖς
907 3167 985 3206 κτὲ.
1020 3165 1135 3204 Vates
1149 3164 1207 3203 in-

352 3230 497 3272 tellexit
517 3229 696 3269 ambobus
721 3230 855 3282 aquilis
880 3231 1029 3272 itineris
1055 3231 1210 3271 ducibus

353 3297 558 3351 significari
582 3294 712 3335 ambos
737 3297 878 3348 dispari
905 3298 1029 3338 indole
1044 3299 1211 3338 Atridas.

413 3365 507 3405 121.
547 3367 674 3405 πάντα
703 3364 742 3404 δὲ
769 3366 917 3420 πύργων
945 3368 1021 3407 κτὲ.
1083 3366 1212 3416 Hesy-

356 3432 486 3472 chius:
516 3438 718 3480 κτήνεα,
743 3438 958 3487 χρήματα,
976 3440 1113 3484 κτήνη,
1140 3438 1214 3487 βο-

359 3508 551 3554 σκήματα.
597 3498 733 3539 Priore
761 3499 1035 3552 significatione
1049 3501 1211 3540 hictan-

1280 2357 1365 2394 tum
1407 2354 1543 2394 exstat.
1610 2353 1826 2404 Cognatum
1869 2353 1926 2391 est
1967 2348 2148 2391 vocabulo

1283 2427 1445 2464 κτέανον.
1477 2445 1531 2450 -
1569 2422 1732 2468 λαπάξει
1771 2433 1794 2460 a
1829 2421 1992 2470 λαπάζω
2019 2432 2051 2459 S.
2080 2421 2150 2461 λα-

1283 2495 1418 2531 πάσσω
1431 2521 1443 2542 ,
1474 2489 1574 2541 quod
1602 2488 1791 2541 posterius
1806 2487 2023 2527 evacuandi
2037 2499 2151 2526 sensu

1283 2560 1490 2610 usurpatur
1512 2556 1666 2595 medicis
1682 2586 1694 2602 ,
1718 2555 1916 2608 spoliandi
1940 2557 1979 2594 et
1991 2557 2149 2594 vastan-

1283 2625 1327 2665 di
1366 2637 1478 2664 sensu
1519 2622 1698 2675 Aeschyli
1739 2621 1939 2675 proprium
1980 2623 2038 2660 est
2054 2638 2067 2669 3
2109 2621 2152 2660 in

1283 2691 1410 2732 fabula
1451 2693 1559 2743 Sept.
1601 2690 1684 2729 adv.
1714 2689 1837 2728 Theb.
1865 2691 1925 2728 ter
1953 2688 2148 2728 occurrit:

1284 2774 1338 2800 vs.
1354 2759 1407 2803 47
1425 2761 1462 2798 et
1478 2759 1554 2798 531
1571 2776 1580 2797 z
1613 2759 1800 2805 λαπάξειν
1831 2762 1929 2798 ἄστυ
1956 2757 2153 2809 Καδμείων

1285 2829 1373 2882 βίᾳ.
1405 2839 1460 2866 vs.
1472 2827 1575 2865 455:
1607 2826 1763 2867 ἑδωλίων
1790 2825 1904 2878 μ’-
1922 2827 2147 2872 ἐκλαπάξαι.

1289 2895 1438 2934 Usitata
1467 2894 1589 2946 poetis
1619 2895 1806 2944 ἀλαπάςω
1835 2896 1872 2931 et
1902 2894 2147 2943 ἐξαλαπάζω.

1287 2961 1471 3002 Similiter
1500 2964 1693 3016 ἀμαυροῦν
1720 2965 1758 2999 et
1786 2964 1969 3016 μαυροῦν.

1343 3029 1438 3068 124.
1481 3029 1552 3069 οἶον
1593 3035 1649 3080 μή
1691 3043 1749 3074 τις
1791 3033 1870 3080 ἄγα
1911 3029 1991 3068 κτὲ.
2060 3026 2151 3065 Vid.

1289 3097 1507 3137 Comment.
1549 3097 1623 3137 οἷον
1661 3101 1716 3148 μὴ
1754 3107 1826 3147 pro
1865 3094 2005 3133 usitato
2046 3099 2154 3146 μόνον

1289 3169 1366 3216 μὴ,
1393 3163 1493 3215 quod
1508 3163 1711 3216 respondet
1724 3161 1843 3202 latino
1859 3162 1969 3201 modo
1984 3174 2046 3201 ne.
2065 3167 2151 3202 στό-

1291 3247 1375 3283 μιον
1396 3236 1500 3283 μέγα
1523 3232 1658 3286 Τροίας
1685 3230 1794 3269 vocat
1813 3228 2090 3281 expeditionem
2105 3228 2153 3267 ad

1291 3298 1496 3337 domandos
1532 3298 1716 3349 'l'rojanos
1754 3298 1943 3348 paratam.
1997 3296 2061 3335 Sic
2087 3296 2149 3334 in-

1290 3366 1351 3404 fra
1386 3378 1444 3404 vs.
1485 3365 1585 3404 529:
1623 3365 1760 3405 τοιόνδε
1787 3366 1904 3420 Τροίᾳ
1933 3365 2154 3419 περιβαλὼν

1294 3438 1521 3488 ζευκτήριον.
1555 3431 1679 3471 Simili
1706 3435 1818 3485 tropo
1849 3432 1976 3486 ψάλιον
2007 3434 2153 3472 οἰκετῶν

1293 3499 1431 3538 dicitur
1459 3499 1634 3552 Choeph.
1665 3499 1760 3540 962.
