2306 3944
325 209 417 255 256
990 199 1490 248 COMMENTARIUS

328 354 582 412 memnoni,
630 367 766 416 quem
797 350 927 415 quasi
960 353 1250 414 praesentem
1286 350 1554 413 alloquitur,
1590 351 1708 399 sicut
1741 367 1850 399 mox
1884 368 1948 400 vs.
1986 355 2135 403 1138:

327 443 410 488 ποῖ
450 438 501 493 δή
548 457 608 495 με
651 437 780 495 δεῦρο
831 440 915 489 τῆν
962 438 1202 483 τάλαιναν
1233 434 1438 495 ἤγαγεςς
1479 433 1674 481 Cuinam
1704 451 1811 483 vero
1847 435 2021 484 diceret
2050 438 2137 486 hoc

324 524 484 582 ἄπεχε
520 526 601 576 τῆς
633 521 740 579 βοὸς
774 522 856 567 τὸν
893 517 1089 578 ταῦρον’ῑ)
1154 517 1275 563 Nam
1314 522 1496 581 praeter
1527 519 1922 581 Agamemnonem
1956 525 2002 569 et
2034 522 2139 587 Cly-

322 606 648 652 taemnestram
688 601 851 648 tertius
891 615 986 648 non
1024 599 1195 648 aderat.
1264 602 1550 663 ἐμπέπλοισι
1582 608 1894 667 μηχανήμασι
1928 605 2138 653 similiter

324 687 499 734 dictum
549 689 602 732 ut
652 685 845 735 σπονδαὶ
891 685 1094 743 ’ένδαιδες
1138 685 1188 731 in
1222 685 1356 732 Eum.
1398 691 1511 733 extr.
1562 687 1749 735 Lobeck
1776 689 1921 736 Paral.
1957 706 2001 752 p.
2039 692 2132 736 143

322 770 394 818 cit.
431 769 590 816 Herm.

385 853 475 900 Pro
508 853 671 914 ἐνύδρῳ
704 855 874 913 τεύχει
905 851 1224 899 Blomfieldius
1257 853 1391 900 metri
1415 869 1551 901 causa
1575 855 1756 918 scripsit
1780 860 1947 910 κύτει,
1973 873 2135 920 appro-

317 938 456 986 bante
489 936 771 984 Hermanno.
836 935 1039 983 Ultimus
1072 953 1180 984 vero
1213 954 1395 996 versus,
1432 939 1690 1001 δολοφόνου
1723 943 1931 1001 λέβητος
1966 943 2132 1002 τύχαν

319 1041 389 1072 σοι
439 1024 598 1084 λέγω,
646 1020 804 1068 nescio
855 1020 1087 1085 quomodo
1138 1022 1303 1084 frigere
1353 1022 1467 1069 mihi
1517 1023 1710 1071 videtur.
1778 1024 1969 1072 Tentavi
2019 1040 2134 1071 num

316 1105 508 1152 fortasse
570 1104 635 1152 sic
694 1104 859 1166 corrigi
906 1109 1083 1168 posset:
1136 1112 1297 1156 πιτνεῖ
1342 1105 1383 1155 δ’
1429 1109 1477 1156 ἐν
1512 1107 1672 1169 ἐνύδρῳ
1704 1111 1839 1158 κύτει
1869 1108 2131 1170 δολοφόνου

319 1190 547 1250 λέβητος.
581 1188 741 1250 τυχών
773 1208 842 1238 σοι
874 1192 1027 1249 λέγως
1062 1215 1121 1222 --
1155 1193 1298 1250 κύτος
1331 1191 1515 1254 proprie
1550 1208 1780 1240 concavum
1811 1196 1960 1249 notat,
1990 1208 2131 1256 quare

317 1276 441 1320 recte
475 1272 728 1334 genitivum
763 1271 850 1318 sibi
883 1271 1023 1319 habet
1050 1272 1286 1334 junctum,
1329 1278 1383 1321 ut
1418 1274 1588 1321 (licitur
1620 1278 1763 1333 κύτος
1798 1276 1992 1334 ἀσπίδος
2007 1315 2019 1332 ,
2053 1277 2130 1326 θῶ-

321 1365 483 1417 ρακος,
519 1356 751 1417 τρίποδος.
819 1355 892 1402 Ita
933 1355 1055 1418 Sept.
1091 1355 1151 1402 ad
1185 1356 1269 1404 Th.
1306 1360 1416 1405 495.
1485 1357 1736 1405 Geminum
1767 1358 1907 1421 plane
1941 1362 2011 1405 est
2042 1358 2132 1406 hoc

316 1437 555 1502 Euripidis
590 1438 712 1502 Cycl.
750 1441 870 1486 399:
908 1442 1119 1500 λέβητος
1153 1441 1202 1498 ἐς
1234 1444 1377 1499 κύτος
1409 1446 1749 1503 χαλκήλατον.
1777 1467 1842 1476 -
1870 1449 2033 1504 τυχῶν
2061 1448 2131 1493 σοῖ

317 1527 478 1585 λέγω
525 1522 648 1570 idem
700 1523 816 1585 sign.
860 1523 988 1587 quod
1015 1540 1080 1571 νε.
1120 1525 1269 1571 1194:
1307 1524 1562 1586 ἤμαρτονῆ
1599 1527 1705 1586 θηρῶ
1739 1545 1787 1573 τι
1819 1523 2025 1586 τοξότης
2054 1546 2127 1584 τις

316 1609 404 1666 ῶς;
453 1621 653 1654 verumne
703 1607 786 1654 tibi
836 1607 982 1654 dicere
1036 1606 1219 1654 videor?
1283 1607 1388 1655 Hoc
1434 1624 1573 1655 sensu
1621 1613 1791 1670 τυχεῖν
1825 1614 1895 1656 est
1927 1609 2132 1674 Choeph.

315 1705 382 1739 VS.
417 1691 535 1738 315:
593 1695 645 1742 τί
686 1712 755 1741 σοι
803 1691 1012 1753 (ῥεόμενος
1060 1692 1085 1746 ἢ
1135 1712 1183 1740 τι
1234 1690 1376 1753 ῥέξας
1411 1690 1610 1753 τύχοιμ’
1646 1693 1730 1751 ξίν-3
1782 1692 1837 1740 cf.
1870 1692 2040 1741 Annot.
2075 1693 2133 1740 ad

314 1790 380 1823 vs,
410 1777 553 1823 1122.
622 1776 672 1823 Si
703 1780 859 1823 tamen
910 1776 1087 1823 sincera
1133 1779 1203 1823 est
1235 1776 1423 1838 vulgata
1455 1776 1613 1834 lectio,
1655 1777 1720 1824 sic
1756 1776 2030 1841 explicanda
2063 1781 2133 1825 est

314 1860 445 1924 quasi
482 1859 678 1908 diceret:
715 1862 872 1922 τύχην
905 1860 1070 1921 Φονίαν
1107 1861 1265 1910 δολίου
1299 1862 1510 1921 λέβητός
1538 1881 1606 1911 σοι
1631 1863 1778 1923 λέγω.
1821 1860 1896 1908 Sic
1917 1877 1983 1909 vs.
2003 1864 2128 1910 1428

314 1944 569 2005 Φονολιβεῖ
596 1947 734 2006 τύχα
766 1960 852 2008 pro
886 1945 1026 1994 caede.

379 2103 459 2152 Vs.
495 2105 638 2150 1031.
691 2104 875 2163 βροτοῖς
912 2104 1156 2150 τέλλεται
1196 2116 1280 2163 pro
1317 2104 1592 2150 στέλλεται
1627 2104 1695 2147 est
1729 2100 1989 2148 emendatio
2022 2101 2132 2150 Em-

311 2188 430 2253 perii
463 2192 509 2236 et
539 2186 809 2235 Hermanni.
878 2185 1128 2250 Sequentia
1161 2184 1209 2232 in
1243 2184 1369 2232 Med.
1403 2200 1490 2232 nec
1525 2185 1690 2232 melius
1724 2185 1774 2233 in
1808 2186 1971 2234 ceteris
2006 2186 2129 2235 codi-

316 2273 446 2321 cibus
482 2272 548 2320 sic
578 2272 797 2334 leguntur
814 2291 824 2317 :

1096 2404 1250 2448 κακῶν
1285 2405 1373 2460 γαρ
1407 2399 1483 2447 δια

851 2485 1111 2537 πολυεπεῖς
1149 2485 1324 2541 τέχναι
1360 2481 1595 2541 θεσπιῳδὸν

903 2562 1051 2622 Φόβον
1082 2562 1272 2621 Φέρουσι
1302 2563 1477 2619 μαθεῖν.

313 2700 550 2763 θεσπιῳδὸν
602 2698 653 2745 in
706 2697 937 2759 Θεσπιῳδοῖ
980 2696 1053 2744 vel
1096 2696 1349 2756 θεσπιῳδῶν
1392 2694 1668 2742 mutandum
1713 2711 1812 2742 esse
1847 2695 2040 2743 Casaub.
2076 2698 2121 2742 et

308 2783 469 2831 Herm.
490 2781 718 2830 viderunt.
756 2779 909 2828 Etiam
941 2782 1019 2831 δια
1050 2779 1268 2827 vitiosum
1301 2795 1400 2826 esse
1434 2779 1508 2826 vel
1529 2783 1727 2826 metrum
1751 2779 1914 2841 arguit.
1958 2779 2117 2826 Lectio

310 2867 426 2914 Ven.
470 2871 625 2916 κακῶν
653 2869 743 2926 γαρ
777 2865 830 2921 δὴ
861 2869 912 2914 αἱ
942 2863 1106 2910 infelix
1149 2862 1327 2910 metrici
1366 2861 1559 2923 alicujus
1600 2862 1819 2909 correctio
1853 2866 1943 2919 est3
1980 2863 2118 2910 etiam

308 2948 566 2998 Hermanni
614 2953 707 3001 διαὶ
754 2963 850 2994 11011
899 2947 1138 2994 satisfacit:
1190 2963 1297 2994 nam
1346 2946 1480 3010 quale
1520 2946 1608 2993 hoc
1643 2949 1734 2993 est:
1758 2962 1848 3007 per
1879 2947 2052 2995 malai.
2078 2964 2117 2995 e.

309 3036 436 3083 malis
478 3033 714 3097 afferendis
755 3033 967 3080 vaticinia
1008 3036 1166 3079 metum
1209 3033 1432 3094 afferunt!
1480 3030 1572 3077 Ubi
1605 3030 1727 3077 mala
1759 3030 1947 3088 adsunt,
1982 3034 2119 3078 metus

305 3119 401 3181 Jam
434 3118 570 3166 cessit
603 3116 764 3164 dolori.
832 3117 950 3163 Sunt
981 3115 1061 3180 qui
1096 3119 1175 3168 δια
1209 3122 1363 3168 κακῶν
1399 3116 1631 3179 explicant
1665 3117 1782 3162 mala
1798 3116 2117 3176 praedicendo,

311 3206 628 3266 comparantes
660 3201 749 3248 hoc
784 3200 1022 3264 Sophoclis
1057 3200 1217 3247 Trach.
1242 3202 1388 3247 1121:
1433 3203 1573 3260 τέρας
1606 3221 1677 3249 τοι
1713 3200 1789 3248 διὰ
1817 3206 1971 3248 κακῶν
1989 3199 2116 3248 ἐθέσ-

314 3306 479 3344 πισας,
526 3286 651 3349 quod
697 3285 852 3349 ipsum
899 3289 1054 3332 tamen
1107 3289 1263 3348 aperte
1297 3284 1514 3332 vitiosum
1546 3288 1635 3341 est,
1671 3284 1735 3330 sic
1770 3282 2114 3344 corrigendum:

312 3373 453 3430 τέρας
498 3390 571 3418 τοι
611 3371 664 3425 δὴ
720 3374 874 3419 λακῶν
920 3370 1186 3426 ἐθέσπισας.
1254 3368 1312 3414 111
1356 3371 1512 3414 nostro
1558 3367 1659 3414 loco
1699 3367 1927 3428 genitivus
1960 3373 2113 3418 κακῶν

309 3450 483 3514 pendet
532 3468 559 3498 a
611 3457 892 3510 πολυεπεῖς;
953 3451 1246 3499 fatidicorum
1298 3455 1416 3498 artes
1469 3455 1576 3497 sunt
1626 3457 1881 3509 πολυεπεῖς
1931 3458 2110 3510 κακῶν,

310 3536 520 3582 malorum
567 3536 780 3597 loquaces,
825 3534 854 3582 i.
890 3551 927 3581 e.
972 3535 1244 3598 plerumque
1293 3534 1412 3581 mala
1449 3538 1687 3590 canentes3
1727 3533 2114 3597 quemadmodum

311 3617 489 3666 Chorus
537 3635 646 3666 mox
690 3617 827 3665 etiam
869 3618 1148 3666 Cassandrae
1187 3634 1320 3665 voces
1355 3616 1464 3664 dicit
1498 3619 1835 3678 κακορρήμονας
1869 3633 1932 3665 νε.
1971 3619 2111 3664 1155.
