2340 3958
299 217 326 245 o
335 197 368 244 4·
1004 193 1350 240 ΑΙΣΧΥΛΟΥ

558 357 653 416 ἔθος
690 357 744 409 τὸ
783 354 895 422 πρὸς
933 353 1128 406 τοκέων·
1167 350 1311 418 χάριν
1349 352 1534 416 τροφάς
1573 347 1670 413 γάρ
1708 345 1957 409 άμείβων,

299 475 402 522 655

851 464 1160 531 μηλοφόνοισι
1199 463 1283 515 σὺν
1321 458 1466 519 άταις

2020 454 2100 495 730

850 576 976 629 δαῖτ’
1013 575 1302 632 άκέλευστος
1342 570 1555 634 ἔτευξεν·

851 684 1025 751 αἵματι
1064 684 1102 739 δ’
1141 681 1259 745 οἶκος
1299 683 1505 753 ἐφύρθη,

815 795 1020 864 ἄμαχον
1057 794 1214 860 ἄλγος
1253 795 1454 854 οἰκέταις
1466 837 1479 855 ,

813 910 952 975 μέγα
990 909 1110 968 σίνος
1148 907 1432 961 πολυκτόνον
1447 925 1458 934 ·

299 1027 404 1077 660

703 1129 936 1197 πάραυτα
977 1129 1014 1182 δ’
1053 1130 1203 1183 ἐλθεῖν
1239 1130 1286 1188 ἐς
1325 1127 1465 1181 Ἰλίου
1504 1127 1643 1181 πόλιν

590 1242 779 1310 λέγοιμ’
819 1242 878 1296 ἂν
915 1241 1142 1310 φρόνημα
1178 1239 1267 1304 μὲν
1305 1238 1502 1303 νηνέμου
1539 1236 1797 1302 γαλάνας,

2025 905 2104 947 734

556 1024 609 1075 ἐκ
645 1022 746 1075 θεοῦ
785 1020 823 1074 δ’
861 1020 1007 1088 ἱερεύς
1046 1040 1118 1079 τις
1157 1017 1284 1078 ἄτας
1323 1017 1478 1082 δόμοις
1517 1015 1842 1084 προςεθρέφθη.

776 1355 1045 1407 ἀκασκαῖον
1081 1351 1126 1406 τ’
1164 1349 1389 1416 ἄγαλμα
1425 1350 1666 1413 πλούτου,

886 1462 1139 1528 μαλθακὸν
1177 1461 1414 1527 ὀμμάτων
1451 1461 1596 1525 βέλος
1611 1503 1626 1522 ,

301 1583 404 1633 665

557 1687 882 1757 παρακλίνασ’
916 1688 1168 1753 ἐπέκρανεν
1202 1687 1251 1740 δὲ
1281 1685 1447 1752 γάμου
1481 1685 1654 1754 πικράς
1685 1685 1950 1747 τελευτάς,

855 1575 1103 1641 δηξίθυμον
1141 1574 1304 1643 ἔρωτος
1343 1574 1509 1635 άνθος·

2030 1684 2107 1726 745

297 1862 349 1901 V.
380 1861 459 1901 662
487 1874 544 1913 sq.
568 1861 678 1900 Fort.
706 1859 780 1913 leg.
811 1863 928 1912 λέγοις
956 1864 1023 1910 ἂν,
1054 1861 1093 1899 et
1115 1859 1315 1911 deinceps,
1346 1864 1549 1901 ἀκασκαῖον
1573 1861 1750 1912 γέλασμα
1774 1859 1946 1899 πλούτου.

296 1953 347 1993 V.
379 1953 471 1992 654.
502 1959 642 1999 τοκήων
667 1951 728 1993 Fl.
788 1953 880 1992 656.
923 1956 1039 2007 χάριν
1074 1956 1152 2007 γὰρ
1193 1958 1338 2006 τροφοῖς
1377 1950 1439 1990 Fl.
1483 1956 1597 2008 χάριν
1640 1956 1716 2007 γὰρ
1758 1954 1953 2007 τροφεῦσιν
1992 1949 2110 1988 Farn.

353 2026 446 2066 655.
476 2027 728 2080 μηλοφόνοισιν
755 2029 869 2071 ἄταις
898 2023 957 2063 Fl.
988 2029 1139 2065 ἅταισιν
1167 2024 1286 2063 Farn.
1340 2024 1435 2064 660.
1463 2029 1722 2081 προςετροὶφη.
1784 2024 1878 2063 665.
1908 2029 2112 2064 ἀκασκαῖον

355 2100 530 2152 ἄγαλμα.
591 2099 684 2138 665.
713 2096 979 2154 παρακλίνουσ’
1009 2098 1127 2137 Farn.

353 2241 446 2281 655.
487 2244 721 2297 μηλοφόνοισι
756 2243 816 2283 σὺν
840 2246 954 2288 ἄταις
982 2242 1039 2280 est
1065 2239 1166 2279 idem

298 2322 342 2348 ae
370 2309 401 2348 si
430 2309 571 2349 diceret
598 2314 763 2366 ἀτηραῖς
792 2311 1092 2364 μηλοσφαγίαις,
1124 2309 1167 2347 ut

300 2379 402 2416 reete
429 2377 647 2418 Sehfitzius.

355 2445 448 2486 660.
518 2447 637 2503 ἱερεὺς
677 2463 735 2493 τις
775 2451 886 2492 ἄτας.
958 2443 1167 2497 Magnifice

299 2512 467 2560 dictum,
508 2515 568 2553 cui
607 2514 729 2553 simile
758 2516 813 2553 est
841 2514 914 2552 hoc
942 2514 1046 2564 Sept.
1080 2511 1165 2550 adv.

301 2580 373 2619 Th.
419 2582 519 2629 580,
564 2581 629 2620 ubi
667 2581 836 2632 Tydeum
878 2583 984 2620 vocat
1012 2577 1168 2636 Ἐρινύος

300 2651 491 2704 κλητῆρα,
535 2652 743 2706 πρόςπολον
783 2655 898 2704 φόνου.
945 2671 998 2676 —-
1041 2649 1168 2700 δόμοις

299 2721 578 2774 προςεθρέφθη,
622 2717 661 2756 h.
702 2730 735 2756 e.
780 2720 875 2773 πρὸς
916 2717 1044 2769 δόμοις
1084 2720 1162 2772 ἐθρ.

301 2786 400 2836 quod
443 2786 597 2838 proprie
639 2785 828 2837 significat
869 2786 977 2836 apud
1015 2785 1168 2824 domum

303 2852 356 2903 (in
393 2852 512 2900 aula),
555 2853 620 2892 sed
645 2866 757 2892 sensu
789 2866 867 2892 non
895 2853 1022 2892 differt
1049 2851 1096 2892 ab
1123 2852 1168 2892 in

300 2922 411 2960 domo
457 2921 535 2960 sive
576 2921 704 2967 domi,
748 2923 790 2960 ut
831 2920 948 2959 latine
975 2921 1084 2963 anud
1097 2921 1166 2974 fo-

299 3002 400 3029 rum.
443 2989 506 3028 Sic
535 2992 629 3045 πρὸς
657 2995 795 3046 χώροις
820 2990 898 3030 τίσι
921 2989 1040 3041 Soph.
1071 2988 1168 3028 Oed.

302 3057 339 3096 R
398 3057 518 3097 1126.
585 3061 679 3113 πρὸς
723 3060 819 3115 αὐτῇ
857 3065 905 3116 τῇ
944 3064 1055 3115 χώρᾳ
1093 3058 1168 3096 De-

303 3124 446 3164 mosth.
475 3125 559 3164 adv.
592 3124 695 3165 Phil.
724 3124 794 3171 II,
826 3126 890 3164 32.

359 3192 452 3231 661.
497 3197 677 3249 πάραυτα
717 3192 746 3233 δ’
778 3196 892 3234 ἐλθεῖν
920 3215 972 3224 ν-
1002 3198 1174 3250 φρόνημα

302 3262 373 3313 μὲν
397 3261 475 3302 κτὲ.
507 3261 557 3299 cf.
585 3261 802 3299 Comment.
830 3261 1066 3300 Referuntur
1081 3261 1174 3299 haec

302 3328 350 3366 ad
387 3327 576 3366 Helenam
615 3331 727 3380 atque
754 3328 854 3367 idem
895 3327 1021 3368 valent
1060 3341 1103 3367 ac
1142 3330 1175 3369 si

301 3395 463 3434 diceret:
519 3399 702 3452 πάραυτα
745 3395 775 3436 δ’
821 3399 933 3436 ἐλθεῖν
971 3399 1089 3448 λέγοις
1131 3401 1175 3438 ἂν

303 3465 415 3510 αὐτὴν
431 3466 507 3508 (ὡς)
526 3468 698 3519 φρόνημα
715 3466 872 3515 γαλήνης
883 3493 896 3513 ,
922 3466 1083 3516 ἄγαλμα
1100 3462 1175 3513 (vel

303 3534 494 3583 γέλασμα)
520 3533 679 3572 πλούτου
707 3534 788 3572 κτλ.
820 3533 868 3570 cf.
893 3544 950 3570 VS.
968 3531 1172 3570 389—95.

302 3600 509 3650 Extemplo
547 3600 702 3653 quidem
735 3599 869 3638 venire
895 3599 1102 3638 videbatur
1128 3602 1174 3637 ut

1220 3410 1226 3414 ·
1254 3398 1454 3450 φόκλαυτος
1492 3396 1642 3451 Ἐρινύς.

1245 2239 1379 2279 anima
1418 2252 1580 2280 serenae
1619 2244 1764 2288 aurae,
1808 2241 1895 2280 lene
1931 2241 2113 2281 renidens

1244 2307 1469 2360 opulentiae
1507 2309 1709 2361 splendor,
1754 2311 1828 2349 cet.
1870 2331 1926 2339 —-
1968 2309 2112 2364 λέγοιμ’

1246 2380 1312 2429 ἂν,
1343 2376 1534 2424 dixerim,
1566 2377 1821 2424 crediderim,
1851 2391 1930 2417 non
1954 2379 2111 2418 dubita-

1247 2444 1380 2484 verim.
1452 2443 1501 2485 Il.
1547 2452 1586 2496 ζ,
1636 2446 1737 2492 285,
1783 2451 1893 2501 φαίην
1936 2464 1977 2487 κε
2017 2446 2117 2504 φρέν’

1247 2518 1417 2569 ἀτέρπου
1445 2514 1563 2564 ὀϊζύος
1593 2516 1868 2556 ἐκλελαθέσθαι.
1929 2514 2118 2554 Usitatior

1247 2582 1318 2621 hoc
1347 2594 1459 2620 sensu
1487 2581 1648 2620 secunda
1676 2595 1858 2634 persona:
1888 2586 2009 2635 λέγοις
2041 2588 2113 2635 ἄν,

1248 2651 1358 2702 φαίης
1385 2653 1451 2698 α’ν,
1483 2649 1655 2695 diceres,
1685 2650 1880 2696 crederes,
1910 2664 1981 2702 pro
2007 2650 2112 2690 dice-

1247 2721 1307 2756 ret
1334 2717 1442 2769 quis,
1482 2717 1581 2768 quod
1610 2717 1694 2764 hic,
1724 2730 1786 2756 me
1808 2717 1957 2769 judice,
1988 2718 2114 2771 aptius

1247 2784 1394 2824 fuisset.
1433 2789 1634 2826 ἀκασκαῖον
1661 2784 1924 2837 explicandum
1953 2799 1999 2825 ex
2030 2786 2111 2825 He·

1245 2852 1367 2903 sychii
1382 2851 1526 2905 glossa:
1555 2857 1722 2900 ἅκασκα,
1737 2855 1900 2908 ἡσύχως,
1914 2856 2110 2907 μαλακῶς,

1247 2921 1447 2977 βραδέως,
1475 2919 1583 2971 cujus
1606 2919 1822 2973 exemplum
1838 2935 1858 2960 e
1883 2921 2040 2960 Cratino
2055 2922 2112 2960 af·

1248 2989 1384 3035 fertur,
1429 2992 1582 3030 ἄκασκα
1621 2994 1836 3043 βιβῶντες,
1866 2989 1906 3028 in
1947 2989 2115 3029 Bekkeri

1249 3056 1434 3096 Anecdot.
1486 3057 1551 3096 cit.
1604 3057 1744 3097 Herm.
1787 3058 1895 3096 Num
1937 3056 1985 3096 ab
2025 3062 2117 3104 ἀκήν

1250 3123 1461 3162 ducendum
1485 3123 1557 3172 sit,
1585 3126 1627 3163 ut
1651 3126 1808 3177 putant,
1836 3123 1945 3164 valde
1969 3124 2115 3164 dubito.

1253 3191 1620 3231 Animadvertantur
1659 3205 1867 3244 oxymora,

1252 3262 1387 3314 βέλος,
1420 3261 1617 3312 δηξίθυμον
1644 3264 1763 3307 ἄνθος.

1310 3328 1400 3366 666.
1428 3327 1678 3384 παρακλίναέ
1691 3332 1892 3384 ἐπέκρανεν
1908 3330 1946 3369 δὲ
1958 3352 2009 3358 -
2021 3346 2116 3381 νυμ-

1705 3395 1807 3435 Illud
1849 3401 2049 3452 ἐπέκρανεν
2077 3398 2116 3436 δὲ

1254 3463 1469 3514 oppositum
1512 3466 1569 3502 est
1610 3475 1831 3516 praegresso
1873 3470 2056 3521 πάραυτα
2083 3463 2114 3504 δ’

1255 3533 1367 3571 ἐλθεῖν
1391 3562 1399 3569 .
1422 3562 1430 3571 .
1453 3563 1461 3572 .
1488 3533 1572 3584 μὲν.
1623 3531 1778 3571 nPrimo
1802 3532 1954 3584 quidem
1974 3532 2114 3572 adven-

1254 3603 1319 3645 tu,
1363 3599 1476 3646 dicit,
1519 3601 1630 3651 grata
1670 3601 1775 3647 erat,
1819 3599 1859 3639 in
1901 3601 1976 3638 fine
2025 3610 2116 3639 vero

1926 3195 2118 3246 μαλθακὸν
