<?xml version="1.0" encoding="UTF-8"?>
<!DOCTYPE html PUBLIC "-//W3C//DTD XHTML 1.0 Transitional//EN"
    "http://www.w3.org/TR/xhtml1/DTD/xhtml1-transitional.dtd">
<html xmlns="http://www.w3.org/1999/xhtml" xml:lang="en" lang="en">
 <head>
  <title>
</title>
<meta http-equiv="Content-Type" content="text/html;charset=utf-8" />
  <meta name='ocr-system' content='tesseract 3.04.00' />
  <meta name='ocr-capabilities' content='ocr_page ocr_carea ocr_par ocr_line ocrx_word'/>
</head>
<body>
  <div class='ocr_page' id='page_1' title='image "agamemnonrecensu00aescuoft_0095.png"; bbox 0 0 2340 3958; ppageno 0'>
   <div class='ocr_carea' id='block_1_1' title="bbox 896 195 2046 254">
    <p class='ocr_par' dir='ltr' id='par_1_1' title="bbox 896 195 2046 254">
     <span class='ocr_line' id='line_1_1' title="bbox 896 195 2046 254; baseline -0.007 -1"><span class='ocrx_word' id='word_1_1' title='bbox 896 204 1364 254; x_wconf 86' lang='grc' dir='ltr'><strong>ΑΓΑΜΕΜΝΩΝ.</strong></span> <span class='ocrx_word' id='word_1_2' title='bbox 1983 195 2009 245; x_wconf 88' lang='grc'>7</span> <span class='ocrx_word' id='word_1_3' title='bbox 2020 196 2046 245; x_wconf 88' lang='grc'>7</span> 
     </span>
    </p>
   </div>
   <div class='ocr_carea' id='block_1_2' title="bbox 446 373 549 418">
    <p class='ocr_par' dir='ltr' id='par_1_2' title="bbox 446 373 549 418">
     <span class='ocr_line' id='line_1_2' title="bbox 446 373 549 418; baseline 0 0"><span class='ocrx_word' id='word_1_4' title='bbox 446 373 549 418; x_wconf 88' lang='grc' dir='ltr'>ΚΑ.</span> 
     </span>
    </p>
   </div>
   <div class='ocr_carea' id='block_1_3' title="bbox 738 365 1518 430">
    <p class='ocr_par' dir='ltr' id='par_1_3' title="bbox 738 365 1518 430">
     <span class='ocr_line' id='line_1_3' title="bbox 738 365 1518 430; baseline 0 -13"><span class='ocrx_word' id='word_1_5' title='bbox 738 367 788 417; x_wconf 80' lang='grc' dir='ltr'><strong>ἰὼ</strong></span> <span class='ocrx_word' id='word_1_6' title='bbox 826 365 998 428; x_wconf 83' lang='grc' dir='ltr'><em>πόποι,</em></span> <span class='ocrx_word' id='word_1_7' title='bbox 1039 366 1090 418; x_wconf 88' lang='grc' dir='ltr'><strong>τί</strong></span> <span class='ocrx_word' id='word_1_8' title='bbox 1125 385 1244 419; x_wconf 85' lang='grc' dir='ltr'><em>ποτε</em></span> <span class='ocrx_word' id='word_1_9' title='bbox 1283 366 1518 430; x_wconf 78' lang='grc' dir='ltr'><em>μήδεται;</em></span> 
     </span>
    </p>
   </div>
   <div class='ocr_carea' id='block_1_4' title="bbox 1894 377 2045 433">
    <p class='ocr_par' dir='ltr' id='par_1_4' title="bbox 1894 377 2045 433">
     <span class='ocr_line' id='line_1_4' title="bbox 1894 377 2045 433; baseline 0 -17"><span class='ocrx_word' id='word_1_10' title='bbox 1894 394 1977 433; x_wconf 72' lang='grc' dir='ltr'><strong>στρ.</strong></span> <span class='ocrx_word' id='word_1_11' title='bbox 2001 377 2045 416; x_wconf 82' lang='grc' dir='ltr'><strong>δ’.</strong></span> 
     </span>
    </p>
   </div>
   <div class='ocr_carea' id='block_1_5' title="bbox 827 475 1515 543">
    <p class='ocr_par' dir='ltr' id='par_1_5' title="bbox 827 475 1515 543">
     <span class='ocr_line' id='line_1_5' title="bbox 827 475 1515 543; baseline -0.003 -13"><span class='ocrx_word' id='word_1_12' title='bbox 827 476 877 530; x_wconf 83' lang='grc' dir='ltr'><strong>τί</strong></span> <span class='ocrx_word' id='word_1_13' title='bbox 913 476 1008 530; x_wconf 78' lang='grc' dir='ltr'><em>τόδ’</em></span> <span class='ocrx_word' id='word_1_14' title='bbox 1049 475 1174 543; x_wconf 79' lang='grc' dir='ltr'><em>άχος</em></span> <span class='ocrx_word' id='word_1_15' title='bbox 1214 477 1334 539; x_wconf 81' lang='grc' dir='ltr'><em>νέον,</em></span> <span class='ocrx_word' id='word_1_16' title='bbox 1375 476 1515 541; x_wconf 68' lang='grc' dir='ltr'><em>μέγα</em></span> 
     </span>
    </p>
   </div>
   <div class='ocr_carea' id='block_1_6' title="bbox 233 586 371 636">
    <p class='ocr_par' dir='ltr' id='par_1_6' title="bbox 233 586 371 636">
     <span class='ocr_line' id='line_1_6' title="bbox 233 586 371 636; baseline 0 -1"><span class='ocrx_word' id='word_1_17' title='bbox 233 586 371 636; x_wconf 95' lang='grc'>1000</span> 
     </span>
    </p>
   </div>
   <div class='ocr_carea' id='block_1_7' title="bbox 597 582 1665 649">
    <p class='ocr_par' dir='ltr' id='par_1_7' title="bbox 597 582 1665 649">
     <span class='ocr_line' id='line_1_7' title="bbox 597 582 1665 649; baseline -0.002 -12"><span class='ocrx_word' id='word_1_18' title='bbox 597 584 714 648; x_wconf 75' lang='grc' dir='ltr'><strong>μέγ’</strong></span> <span class='ocrx_word' id='word_1_19' title='bbox 752 586 799 637; x_wconf 87' lang='grc' dir='ltr'><em>ἐν</em></span> <span class='ocrx_word' id='word_1_20' title='bbox 837 584 1013 648; x_wconf 78' lang='grc' dir='ltr'><strong>δόμοισι</strong></span> <span class='ocrx_word' id='word_1_21' title='bbox 1052 585 1205 643; x_wconf 78' lang='grc' dir='ltr'><em>τοῖςδε</em></span> <span class='ocrx_word' id='word_1_22' title='bbox 1243 585 1450 649; x_wconf 74' lang='grc' dir='ltr'><em>μήδεται</em></span> <span class='ocrx_word' id='word_1_23' title='bbox 1489 582 1665 643; x_wconf 81' lang='grc' dir='ltr'><em>κακὸν,</em></span> 
     </span>
    </p>
   </div>
   <div class='ocr_carea' id='block_1_8' title="bbox 600 691 1588 760">
    <p class='ocr_par' dir='ltr' id='par_1_8' title="bbox 600 691 1588 760">
     <span class='ocr_line' id='line_1_8' title="bbox 600 691 1588 760; baseline -0.001 -14"><span class='ocrx_word' id='word_1_24' title='bbox 600 691 809 760; x_wconf 70' lang='grc' dir='ltr'><em>ἄφερτον</em></span> <span class='ocrx_word' id='word_1_25' title='bbox 846 694 1054 760; x_wconf 77' lang='grc' dir='ltr'><strong>φίλοισιν</strong></span> <span class='ocrx_word' id='word_1_26' title='bbox 1093 693 1333 756; x_wconf 56' lang='lat' dir='ltr'><strong>§volan-0113</strong></span> <span class='ocrx_word' id='word_1_27' title='bbox 1375 693 1512 746; x_wconf 68' lang='grc' dir='ltr'><em>άλκοὶ</em></span> <span class='ocrx_word' id='word_1_28' title='bbox 1550 691 1588 744; x_wconf 74' lang='grc' dir='ltr'><strong>δ’</strong></span> 
     </span>
    </p>
   </div>
   <div class='ocr_carea' id='block_1_9' title="bbox 905 803 1350 862">
    <p class='ocr_par' dir='ltr' id='par_1_9' title="bbox 905 803 1350 862">
     <span class='ocr_line' id='line_1_9' title="bbox 905 803 1350 862; baseline -0.002 -6"><span class='ocrx_word' id='word_1_29' title='bbox 905 803 1020 862; x_wconf 78' lang='grc' dir='ltr'><em>ἑκάς</em></span> <span class='ocrx_word' id='word_1_30' title='bbox 1057 805 1350 856; x_wconf 83' lang='grc' dir='ltr'><em>άποστατεῖ.</em></span> 
     </span>
    </p>
   </div>
   <div class='ocr_carea' id='block_1_10' title="bbox 455 910 1657 978">
    <p class='ocr_par' dir='ltr' id='par_1_10' title="bbox 455 910 1657 978">
     <span class='ocr_line' id='line_1_10' title="bbox 455 910 1657 978; baseline -0.001 -15"><span class='ocrx_word' id='word_1_31' title='bbox 455 920 560 964; x_wconf 93' lang='grc' dir='ltr'>ΧΟ.</span> <span class='ocrx_word' id='word_1_32' title='bbox 602 911 778 965; x_wconf 83' lang='grc' dir='ltr'><em>τούτων</em></span> <span class='ocrx_word' id='word_1_33' title='bbox 816 910 972 978; x_wconf 53' lang='lat' dir='ltr'><strong>&amp;rapis</strong></span> <span class='ocrx_word' id='word_1_34' title='bbox 1010 914 1107 975; x_wconf 80' lang='grc' dir='ltr'><em>εἶμι</em></span> <span class='ocrx_word' id='word_1_35' title='bbox 1146 916 1236 965; x_wconf 78' lang='grc' dir='ltr'><em>τῶν</em></span> <span class='ocrx_word' id='word_1_36' title='bbox 1272 910 1657 976; x_wconf 69' lang='grc' dir='ltr'><strong>μαντευμάτων,</strong></span> 
     </span>
    </p>
   </div>
   <div class='ocr_carea' id='block_1_11' title="bbox 1946 926 2050 965">
    <p class='ocr_par' dir='ltr' id='par_1_11' title="bbox 1946 926 2050 965">
     <span class='ocr_line' id='line_1_11' title="bbox 1946 926 2050 965; baseline 0.01 -1"><span class='ocrx_word' id='word_1_37' title='bbox 1946 926 2050 965; x_wconf 86' lang='grc'>1105</span> 
     </span>
    </p>
   </div>
   <div class='ocr_carea' id='block_1_12' title="bbox 605 1022 1696 1090">
    <p class='ocr_par' dir='ltr' id='par_1_12' title="bbox 605 1022 1696 1090">
     <span class='ocr_line' id='line_1_12' title="bbox 605 1022 1696 1090; baseline -0.003 -14"><span class='ocrx_word' id='word_1_38' title='bbox 605 1025 762 1076; x_wconf 83' lang='grc' dir='ltr'><em>ἐκεῖνα</em></span> <span class='ocrx_word' id='word_1_39' title='bbox 799 1024 838 1076; x_wconf 80' lang='grc' dir='ltr'><strong>δ’</strong></span> <span class='ocrx_word' id='word_1_40' title='bbox 876 1023 1047 1087; x_wconf 70' lang='grc' dir='ltr'><em>ἔγνων·</em></span> <span class='ocrx_word' id='word_1_41' title='bbox 1089 1026 1235 1076; x_wconf 69' lang='grc' dir='ltr'><em>πάσα</em></span> <span class='ocrx_word' id='word_1_42' title='bbox 1272 1024 1369 1090; x_wconf 71' lang='grc' dir='ltr'><strong>γάρ</strong></span> <span class='ocrx_word' id='word_1_43' title='bbox 1409 1023 1546 1081; x_wconf 80' lang='grc' dir='ltr'><em>πόλις</em></span> <span class='ocrx_word' id='word_1_44' title='bbox 1586 1022 1696 1090; x_wconf 72' lang='grc' dir='ltr'>βοᾷ.</span> 
     </span>
    </p>
   </div>
   <div class='ocr_carea' id='block_1_13' title="bbox 228 1131 550 1185">
    <p class='ocr_par' dir='ltr' id='par_1_13' title="bbox 228 1131 550 1185">
     <span class='ocr_line' id='line_1_13' title="bbox 228 1131 550 1185; baseline 0.016 -5"><span class='ocrx_word' id='word_1_45' title='bbox 228 1131 367 1182; x_wconf 87' lang='grc'>1005</span> <span class='ocrx_word' id='word_1_46' title='bbox 446 1141 550 1185; x_wconf 89' lang='grc' dir='ltr'>ΚΑ.</span> 
     </span>
    </p>
   </div>
   <div class='ocr_carea' id='block_1_14' title="bbox 739 1133 1582 1200">
    <p class='ocr_par' dir='ltr' id='par_1_14' title="bbox 739 1133 1582 1200">
     <span class='ocr_line' id='line_1_14' title="bbox 739 1133 1582 1200; baseline -0.004 -13"><span class='ocrx_word' id='word_1_47' title='bbox 739 1135 788 1187; x_wconf 80' lang='grc' dir='ltr'><strong>ἰὼ</strong></span> <span class='ocrx_word' id='word_1_48' title='bbox 825 1133 1068 1196; x_wconf 81' lang='grc' dir='ltr'><em>τάλαινα,</em></span> <span class='ocrx_word' id='word_1_49' title='bbox 1109 1134 1216 1188; x_wconf 81' lang='grc' dir='ltr'><em>τόδε</em></span> <span class='ocrx_word' id='word_1_50' title='bbox 1255 1134 1354 1200; x_wconf 74' lang='grc' dir='ltr'><strong>γάρ</strong></span> <span class='ocrx_word' id='word_1_51' title='bbox 1392 1137 1582 1195; x_wconf 72' lang='grc' dir='ltr'><em>τελεῖςς</em></span> 
     </span>
    </p>
   </div>
   <div class='ocr_carea' id='block_1_15' title="bbox 1925 1143 2061 1186">
    <p class='ocr_par' dir='ltr' id='par_1_15' title="bbox 1925 1143 2061 1186">
     <span class='ocr_line' id='line_1_15' title="bbox 1925 1143 2061 1186; baseline -0.007 -1"><span class='ocrx_word' id='word_1_52' title='bbox 1925 1150 2009 1186; x_wconf 82' lang='grc' dir='ltr'><em>ἀντ.</em></span> <span class='ocrx_word' id='word_1_53' title='bbox 2026 1143 2061 1184; x_wconf 82' lang='grc' dir='ltr'><strong>δ’</strong></span> 
     </span>
    </p>
   </div>
   <div class='ocr_carea' id='block_1_16' title="bbox 816 1245 1377 1310">
    <p class='ocr_par' dir='ltr' id='par_1_16' title="bbox 816 1245 1377 1310">
     <span class='ocr_line' id='line_1_16' title="bbox 816 1245 1377 1310; baseline 0 -11"><span class='ocrx_word' id='word_1_54' title='bbox 816 1246 913 1299; x_wconf 77' lang='grc' dir='ltr'><em>τὸν·</em></span> <span class='ocrx_word' id='word_1_55' title='bbox 934 1246 1202 1310; x_wconf 78' lang='grc' dir='ltr'><em>ὁμοδέμνιον</em></span> <span class='ocrx_word' id='word_1_56' title='bbox 1240 1245 1377 1299; x_wconf 84' lang='grc' dir='ltr'><em>πόσιν</em></span> 
     </span>
    </p>
   </div>
   <div class='ocr_carea' id='block_1_17' title="bbox 595 1353 1839 1425">
    <p class='ocr_par' dir='ltr' id='par_1_17' title="bbox 595 1353 1839 1425">
     <span class='ocr_line' id='line_1_17' title="bbox 595 1353 1839 1425; baseline -0.003 -16"><span class='ocrx_word' id='word_1_57' title='bbox 595 1363 825 1423; x_wconf 81' lang='grc' dir='ltr'><em>λουτροῖσι</em></span> <span class='ocrx_word' id='word_1_58' title='bbox 863 1358 1174 1425; x_wconf 74' lang='grc' dir='ltr'><em>φαιδρύνασα</em></span> <span class='ocrx_word' id='word_1_59' title='bbox 1210 1390 1283 1398; x_wconf 93' lang='lat'><strong>—-</strong></span> <span class='ocrx_word' id='word_1_60' title='bbox 1321 1362 1422 1417; x_wconf 78' lang='grc' dir='ltr'><strong>πῶς</strong></span> <span class='ocrx_word' id='word_1_61' title='bbox 1460 1355 1634 1423; x_wconf 80' lang='grc' dir='ltr'><em>φράσω</em></span> <span class='ocrx_word' id='word_1_62' title='bbox 1672 1353 1839 1414; x_wconf 77' lang='grc' dir='ltr'><em>τέλος;</em></span> 
     </span>
    </p>
   </div>
   <div class='ocr_carea' id='block_1_18' title="bbox 598 1463 1825 1536">
    <p class='ocr_par' dir='ltr' id='par_1_18' title="bbox 598 1463 1825 1536">
     <span class='ocr_line' id='line_1_18' title="bbox 598 1463 1825 1536; baseline -0.007 -13"><span class='ocrx_word' id='word_1_63' title='bbox 598 1468 757 1534; x_wconf 79' lang='grc' dir='ltr'><em>τάχος</em></span> <span class='ocrx_word' id='word_1_64' title='bbox 795 1469 893 1535; x_wconf 62' lang='grc' dir='ltr'><strong>γάρ</strong></span> <span class='ocrx_word' id='word_1_65' title='bbox 933 1468 1030 1522; x_wconf 79' lang='grc' dir='ltr'><em>τόδ’</em></span> <span class='ocrx_word' id='word_1_66' title='bbox 1070 1469 1226 1524; x_wconf 79' lang='grc' dir='ltr'><em>ἔσται.</em></span> <span class='ocrx_word' id='word_1_67' title='bbox 1273 1467 1499 1536; x_wconf 75' lang='grc' dir='ltr'><em>προτείνει</em></span> <span class='ocrx_word' id='word_1_68' title='bbox 1539 1466 1587 1519; x_wconf 79' lang='grc' dir='ltr'><strong>δὲ</strong></span> <span class='ocrx_word' id='word_1_69' title='bbox 1624 1464 1734 1532; x_wconf 73' lang='grc' dir='ltr'><em>χεὶρ</em></span> <span class='ocrx_word' id='word_1_70' title='bbox 1772 1463 1825 1515; x_wconf 84' lang='grc' dir='ltr'><strong>ἐκ</strong></span> 
     </span>
    </p>
   </div>
   <div class='ocr_carea' id='block_1_19' title="bbox 1939 1476 2044 1516">
    <p class='ocr_par' dir='ltr' id='par_1_19' title="bbox 1939 1476 2044 1516">
     <span class='ocr_line' id='line_1_19' title="bbox 1939 1476 2044 1516; baseline -0.019 0"><span class='ocrx_word' id='word_1_71' title='bbox 1939 1476 2044 1516; x_wconf 92' lang='grc'>1110</span> 
     </span>
    </p>
   </div>
   <div class='ocr_carea' id='block_1_20' title="bbox 886 1579 1335 1647">
    <p class='ocr_par' dir='ltr' id='par_1_20' title="bbox 886 1579 1335 1647">
     <span class='ocr_line' id='line_1_20' title="bbox 886 1579 1335 1647; baseline -0.002 -15"><span class='ocrx_word' id='word_1_72' title='bbox 886 1580 1029 1645; x_wconf 80' lang='grc' dir='ltr'><em>χερὸς</em></span> <span class='ocrx_word' id='word_1_73' title='bbox 1066 1579 1335 1647; x_wconf 64' lang='grc' dir='ltr'><em>ὀρέγματα.</em></span> 
     </span>
    </p>
   </div>
   <div class='ocr_carea' id='block_1_21' title="bbox 236 1685 1693 1756">
    <p class='ocr_par' dir='ltr' id='par_1_21' title="bbox 236 1685 1693 1756">
     <span class='ocr_line' id='line_1_21' title="bbox 236 1685 1693 1756; baseline 0.003 -21"><span class='ocrx_word' id='word_1_74' title='bbox 236 1686 376 1736; x_wconf 91' lang='grc'>1010</span> <span class='ocrx_word' id='word_1_75' title='bbox 456 1695 563 1741; x_wconf 93' lang='grc' dir='ltr'>ΧΟ.</span> <span class='ocrx_word' id='word_1_76' title='bbox 604 1687 732 1740; x_wconf 82' lang='grc' dir='ltr'><em>οὔπω</em></span> <span class='ocrx_word' id='word_1_77' title='bbox 771 1687 982 1751; x_wconf 74' lang='grc' dir='ltr'><em>ξυνῆκα·</em></span> <span class='ocrx_word' id='word_1_78' title='bbox 1024 1695 1126 1743; x_wconf 79' lang='grc' dir='ltr'><em>νοῦν</em></span> <span class='ocrx_word' id='word_1_79' title='bbox 1164 1690 1261 1756; x_wconf 73' lang='grc' dir='ltr'><strong>γάρ</strong></span> <span class='ocrx_word' id='word_1_80' title='bbox 1300 1688 1354 1752; x_wconf 73' lang='grc' dir='ltr'><strong>ἐξ</strong></span> <span class='ocrx_word' id='word_1_81' title='bbox 1390 1685 1693 1752; x_wconf 70' lang='grc' dir='ltr'><em>αἰνιγμάτων</em></span> 
     </span>
    </p>
   </div>
   <div class='ocr_carea' id='block_1_22' title="bbox 607 1798 1523 1867">
    <p class='ocr_par' dir='ltr' id='par_1_22' title="bbox 607 1798 1523 1867">
     <span class='ocr_line' id='line_1_22' title="bbox 607 1798 1523 1867; baseline 0 -18"><span class='ocrx_word' id='word_1_82' title='bbox 607 1798 926 1863; x_wconf 74' lang='grc' dir='ltr'><em>ἐπαργέμοισι</em></span> <span class='ocrx_word' id='word_1_83' title='bbox 966 1798 1224 1867; x_wconf 59' lang='grc' dir='ltr'><em>θεσφάτοις</em></span> <span class='ocrx_word' id='word_1_84' title='bbox 1262 1800 1523 1865; x_wconf 63' lang='grc' dir='ltr'><em>ἀμηχανῶ.</em></span> 
     </span>
    </p>
   </div>
   <div class='ocr_carea' id='block_1_23' title="bbox 455 1915 560 1960">
    <p class='ocr_par' dir='ltr' id='par_1_23' title="bbox 455 1915 560 1960">
     <span class='ocr_line' id='line_1_23' title="bbox 455 1915 560 1960; baseline 0 -1"><span class='ocrx_word' id='word_1_85' title='bbox 455 1915 560 1960; x_wconf 88' lang='grc' dir='ltr'>ΚΑ.</span> 
     </span>
    </p>
   </div>
   <div class='ocr_carea' id='block_1_24' title="bbox 754 2016 1347 2080">
    <p class='ocr_par' dir='ltr' id='par_1_24' title="bbox 754 2016 1347 2080">
     <span class='ocr_line' id='line_1_24' title="bbox 754 2016 1347 2080; baseline 0.003 -8"><span class='ocrx_word' id='word_1_86' title='bbox 754 2016 784 2080; x_wconf 76' lang='grc' dir='ltr'><strong><em>ἦ</em></strong></span> <span class='ocrx_word' id='word_1_87' title='bbox 821 2020 1003 2074; x_wconf 76' lang='grc' dir='ltr'><em>δίκτυον</em></span> <span class='ocrx_word' id='word_1_88' title='bbox 1040 2020 1139 2075; x_wconf 79' lang='grc' dir='ltr'><strong>τόδ’</strong></span> <span class='ocrx_word' id='word_1_89' title='bbox 1171 2020 1347 2074; x_wconf 67' lang='grc' dir='ltr'><em>“Ἀιδου.</em></span> 
     </span>
    </p>
   </div>
   <div class='ocr_carea' id='block_1_25' title="bbox 678 1907 1775 1977">
    <p class='ocr_par' dir='ltr' id='par_1_25' title="bbox 678 1907 1775 1977">
     <span class='ocr_line' id='line_1_25' title="bbox 678 1907 1775 1977; baseline -0.004 -14"><span class='ocrx_word' id='word_1_90' title='bbox 678 1908 702 1961; x_wconf 80' lang='grc' dir='ltr'><em>ἓ</em></span> <span class='ocrx_word' id='word_1_91' title='bbox 739 1908 762 1962; x_wconf 78' lang='grc' dir='ltr'><em>ἓ</em></span> <span class='ocrx_word' id='word_1_92' title='bbox 776 1953 791 1972; x_wconf 80' lang='lat'><strong>,</strong></span> <span class='ocrx_word' id='word_1_93' title='bbox 831 1917 1009 1963; x_wconf 85' lang='grc' dir='ltr'><em>παπαῖ</em></span> <span class='ocrx_word' id='word_1_94' title='bbox 1042 1917 1242 1971; x_wconf 86' lang='grc' dir='ltr'><em>παπαῖ,</em></span> <span class='ocrx_word' id='word_1_95' title='bbox 1284 1910 1335 1964; x_wconf 85' lang='grc' dir='ltr'><strong>τί</strong></span> <span class='ocrx_word' id='word_1_96' title='bbox 1370 1910 1478 1963; x_wconf 79' lang='grc' dir='ltr'><em>τόδε</em></span> <span class='ocrx_word' id='word_1_97' title='bbox 1515 1907 1775 1977; x_wconf 73' lang='grc' dir='ltr'><em>φαίνεταις</em></span> 
     </span>
    </p>
   </div>
   <div class='ocr_carea' id='block_1_26' title="bbox 1905 1923 2056 2074">
    <p class='ocr_par' dir='ltr' id='par_1_26' title="bbox 1905 1923 2056 2074">
     <span class='ocr_line' id='line_1_26' title="bbox 1905 1923 2056 1980; baseline -0.013 -16"><span class='ocrx_word' id='word_1_98' title='bbox 1905 1940 1990 1980; x_wconf 75' lang='grc' dir='ltr'><strong>στρ.</strong></span> <span class='ocrx_word' id='word_1_99' title='bbox 2011 1923 2056 1963; x_wconf 82' lang='grc' dir='ltr'><strong>ε’.</strong></span> 
     </span>
     <span class='ocr_line' id='line_1_27' title="bbox 1949 2034 2054 2074; baseline -0.01 0"><span class='ocrx_word' id='word_1_100' title='bbox 1949 2034 2054 2074; x_wconf 83' lang='lat'>1115</span> 
     </span>
    </p>
   </div>
   <div class='ocr_carea' id='block_1_27' title="bbox 237 2203 2057 2409">
    <p class='ocr_par' dir='ltr' id='par_1_27' title="bbox 237 2203 2057 2409">
     <span class='ocr_line' id='line_1_28' title="bbox 237 2203 2057 2264; baseline 0 -17"><span class='ocrx_word' id='word_1_101' title='bbox 237 2203 288 2241; x_wconf 86' lang='lat' dir='ltr'><strong>V·</strong></span> <span class='ocrx_word' id='word_1_102' title='bbox 318 2204 412 2248; x_wconf 85' lang='grc'><strong>997.</strong></span> <span class='ocrx_word' id='word_1_103' title='bbox 443 2207 560 2259; x_wconf 77' lang='grc' dir='ltr'><em>ἦμεν,</em></span> <span class='ocrx_word' id='word_1_104' title='bbox 597 2215 795 2263; x_wconf 74' lang='grc' dir='ltr'><em>προφήτας</em></span> <span class='ocrx_word' id='word_1_105' title='bbox 820 2208 850 2248; x_wconf 87' lang='grc' dir='ltr'><strong>δ’</strong></span> <span class='ocrx_word' id='word_1_106' title='bbox 877 2211 1020 2257; x_wconf 76' lang='grc' dir='ltr'><em>οὔτινας</em></span> <span class='ocrx_word' id='word_1_107' title='bbox 1046 2211 1301 2264; x_wconf 82' lang='grc' dir='ltr'><em>μαστεὺομεν.</em></span> <span class='ocrx_word' id='word_1_108' title='bbox 1362 2210 1458 2249; x_wconf 88' lang='grc'><strong>999.</strong></span> <span class='ocrx_word' id='word_1_109' title='bbox 1487 2209 1574 2249; x_wconf 82' lang='grc' dir='ltr'><em>τόδε</em></span> <span class='ocrx_word' id='word_1_110' title='bbox 1602 2213 1677 2249; x_wconf 76' lang='grc' dir='ltr'><em>νέον</em></span> <span class='ocrx_word' id='word_1_111' title='bbox 1700 2211 1798 2260; x_wconf 75' lang='grc' dir='ltr'><em>ἄχος</em></span> <span class='ocrx_word' id='word_1_112' title='bbox 1812 2210 1948 2261; x_wconf 79' lang='grc' dir='ltr'><em>(ἄχθος</em></span> <span class='ocrx_word' id='word_1_113' title='bbox 1962 2205 2057 2253; x_wconf 83' lang='grc' dir='ltr'>Μ.).</span> 
     </span>
     <span class='ocr_line' id='line_1_29' title="bbox 293 2277 2056 2340; baseline 0.002 -23"><span class='ocrx_word' id='word_1_114' title='bbox 293 2277 412 2319; x_wconf 89' lang='grc'>1008.</span> <span class='ocrx_word' id='word_1_115' title='bbox 465 2281 585 2320; x_wconf 88' lang='grc'>1009.</span> <span class='ocrx_word' id='word_1_116' title='bbox 637 2284 725 2338; x_wconf 80' lang='grc' dir='ltr'><strong>χεὶρ</strong></span> <span class='ocrx_word' id='word_1_117' title='bbox 754 2286 794 2322; x_wconf 82' lang='grc' dir='ltr'><strong>ἐκ</strong></span> <span class='ocrx_word' id='word_1_118' title='bbox 837 2287 965 2339; x_wconf 75' lang='grc' dir='ltr'><em>χειρὸς</em></span> <span class='ocrx_word' id='word_1_119' title='bbox 1009 2289 1057 2332; x_wconf 89' lang='lat' dir='ltr'><strong>(v.</strong></span> <span class='ocrx_word' id='word_1_120' title='bbox 1107 2287 1233 2339; x_wconf 76' lang='grc' dir='ltr'><em>χερὸς)</em></span> <span class='ocrx_word' id='word_1_121' title='bbox 1298 2287 1505 2338; x_wconf 77' lang='grc' dir='ltr'><em>ὀρεγομένα</em></span> <span class='ocrx_word' id='word_1_122' title='bbox 1540 2283 1602 2321; x_wconf 92' lang='lat' dir='ltr'><strong>M.</strong></span> <span class='ocrx_word' id='word_1_123' title='bbox 1647 2285 1835 2338; x_wconf 72' lang='grc' dir='ltr'><em>ὀρεγμένα</em></span> <span class='ocrx_word' id='word_1_124' title='bbox 1877 2279 1938 2340; x_wconf 50' lang='grc' dir='ltr'><strong>ΕΙ.</strong></span> <span class='ocrx_word' id='word_1_125' title='bbox 1981 2279 2056 2318; x_wconf 82' lang='lat' dir='ltr'><strong>eet.</strong></span> 
     </span>
     <span class='ocr_line' id='line_1_30' title="bbox 292 2351 1219 2409; baseline 0.01 -19"><span class='ocrx_word' id='word_1_126' title='bbox 292 2351 413 2392; x_wconf 88' lang='grc'>1010.</span> <span class='ocrx_word' id='word_1_127' title='bbox 443 2357 499 2394; x_wconf 76' lang='grc' dir='ltr'><em>νῦν</em></span> <span class='ocrx_word' id='word_1_128' title='bbox 521 2358 611 2409; x_wconf 71' lang='grc' dir='ltr'><strong>γὰρ.</strong></span> <span class='ocrx_word' id='word_1_129' title='bbox 670 2355 789 2395; x_wconf 83' lang='grc'>1013.</span> <span class='ocrx_word' id='word_1_130' title='bbox 819 2356 996 2401; x_wconf 80' lang='grc' dir='ltr'><em>ὴδίκτυόν</em></span> <span class='ocrx_word' id='word_1_131' title='bbox 1021 2373 1060 2398; x_wconf 84' lang='grc' dir='ltr'><strong>τι</strong></span> <span class='ocrx_word' id='word_1_132' title='bbox 1087 2357 1219 2403; x_wconf 83' lang='grc' dir='ltr'><em>ἀΐδου;</em></span> 
     </span>
    </p>
   </div>
   <div class='ocr_carea' id='block_1_28' title="bbox 234 2517 1102 2775">
    <p class='ocr_par' dir='ltr' id='par_1_28' title="bbox 234 2517 1102 2775">
     <span class='ocr_line' id='line_1_31' title="bbox 297 2517 1101 2577; baseline 0.009 -22"><span class='ocrx_word' id='word_1_133' title='bbox 297 2517 416 2556; x_wconf 90' lang='lat'>1008.</span> <span class='ocrx_word' id='word_1_134' title='bbox 446 2521 634 2573; x_wconf 73' lang='grc' dir='ltr'><em>προτείνει</em></span> <span class='ocrx_word' id='word_1_135' title='bbox 661 2519 700 2559; x_wconf 83' lang='grc' dir='ltr'><strong>δὲ</strong></span> <span class='ocrx_word' id='word_1_136' title='bbox 714 2521 802 2575; x_wconf 77' lang='grc' dir='ltr'><strong>χεὶρ</strong></span> <span class='ocrx_word' id='word_1_137' title='bbox 819 2524 860 2560; x_wconf 84' lang='grc' dir='ltr'><strong>ἐκ</strong></span> <span class='ocrx_word' id='word_1_138' title='bbox 874 2524 989 2576; x_wconf 75' lang='grc' dir='ltr'><em>χερὸς</em></span> <span class='ocrx_word' id='word_1_139' title='bbox 1008 2524 1101 2577; x_wconf 73' lang='grc' dir='ltr'><em>ὀρέ-</em></span> 
     </span>
     <span class='ocr_line' id='line_1_32' title="bbox 239 2585 1102 2638; baseline 0.003 -13"><span class='ocrx_word' id='word_1_140' title='bbox 239 2601 391 2636; x_wconf 77' lang='grc' dir='ltr'><strong>γματα.</strong></span> <span class='ocrx_word' id='word_1_141' title='bbox 423 2585 482 2624; x_wconf 93' lang='lat' dir='ltr'><strong>Ad</strong></span> <span class='ocrx_word' id='word_1_142' title='bbox 499 2585 616 2626; x_wconf 86' lang='lat' dir='ltr'><strong>solam</strong></span> <span class='ocrx_word' id='word_1_143' title='bbox 632 2585 980 2638; x_wconf 86' lang='lat' dir='ltr'><strong>Clytaemnestram</strong></span> <span class='ocrx_word' id='word_1_144' title='bbox 1008 2588 1102 2628; x_wconf 79' lang='lat' dir='ltr'><strong>haec</strong></span> 
     </span>
     <span class='ocr_line' id='line_1_33' title="bbox 240 2653 1098 2704; baseline 0.006 -14"><span class='ocrx_word' id='word_1_145' title='bbox 240 2654 414 2704; x_wconf 83' lang='lat' dir='ltr'><strong>spectant</strong></span> <span class='ocrx_word' id='word_1_146' title='bbox 427 2683 438 2699; x_wconf 92' lang='lat'><strong>,</strong></span> <span class='ocrx_word' id='word_1_147' title='bbox 470 2655 512 2692; x_wconf 87' lang='lat' dir='ltr'><strong>ut</strong></span> <span class='ocrx_word' id='word_1_148' title='bbox 538 2653 807 2694; x_wconf 85' lang='lat' dir='ltr'><strong>animadvertit</strong></span> <span class='ocrx_word' id='word_1_149' title='bbox 822 2654 1072 2695; x_wconf 87' lang='lat' dir='ltr'><strong>Hermannus</strong></span> <span class='ocrx_word' id='word_1_150' title='bbox 1087 2687 1098 2704; x_wconf 97' lang='lat'><strong>,</strong></span> 
     </span>
     <span class='ocr_line' id='line_1_34' title="bbox 234 2720 1098 2775; baseline 0.006 -17"><span class='ocrx_word' id='word_1_151' title='bbox 234 2720 431 2759; x_wconf 86' lang='lat' dir='ltr'><strong>conferens</strong></span> <span class='ocrx_word' id='word_1_152' title='bbox 459 2720 634 2774; x_wconf 80' lang='lat' dir='ltr'><strong>Choe&#39;ph.</strong></span> <span class='ocrx_word' id='word_1_153' title='bbox 649 2722 728 2761; x_wconf 80' lang='lat'><strong>425</strong></span> <span class='ocrx_word' id='word_1_154' title='bbox 761 2735 823 2774; x_wconf 86' lang='lat' dir='ltr'><strong>sq.</strong></span> <span class='ocrx_word' id='word_1_155' title='bbox 868 2723 1098 2775; x_wconf 78' lang='lat' dir='ltr'>Aegisthus,</span> 
     </span>
    </p>
   </div>
   <div class='ocr_carea' id='block_1_29' title="bbox 236 2788 1100 2900">
    <p class='ocr_par' dir='ltr' id='par_1_29' title="bbox 236 2788 1100 2900">
     <span class='ocr_line' id='line_1_35' title="bbox 236 2788 1100 2840; baseline 0.006 -14"><span class='ocrx_word' id='word_1_156' title='bbox 236 2790 456 2840; x_wconf 83' lang='lat' dir='ltr'><strong>perpetrata</strong></span> <span class='ocrx_word' id='word_1_157' title='bbox 490 2788 642 2828; x_wconf 86' lang='lat' dir='ltr'><strong>demum</strong></span> <span class='ocrx_word' id='word_1_158' title='bbox 669 2789 780 2830; x_wconf 85' lang='lat' dir='ltr'><strong>caede</strong></span> <span class='ocrx_word' id='word_1_159' title='bbox 810 2790 991 2830; x_wconf 75' lang='lat' dir='ltr'><strong>accessit:</strong></span> <span class='ocrx_word' id='word_1_160' title='bbox 1022 2790 1100 2831; x_wconf 91' lang='lat' dir='ltr'><strong>vid.</strong></span> 
     </span>
     <span class='ocr_line' id='line_1_36' title="bbox 239 2854 580 2900; baseline 0.006 -6"><span class='ocrx_word' id='word_1_161' title='bbox 239 2854 341 2894; x_wconf 85' lang='lat' dir='ltr'><strong>infra</strong></span> <span class='ocrx_word' id='word_1_162' title='bbox 369 2869 424 2896; x_wconf 87' lang='lat' dir='ltr'><strong>vs.</strong></span> <span class='ocrx_word' id='word_1_163' title='bbox 459 2857 580 2900; x_wconf 84' lang='lat'>1577.</span> 
     </span>
    </p>
   </div>
   <div class='ocr_carea' id='block_1_30' title="bbox 241 2923 1108 3654">
    <p class='ocr_par' dir='ltr' id='par_1_30' title="bbox 241 2923 1103 3250">
     <span class='ocr_line' id='line_1_37' title="bbox 296 2923 1100 2982; baseline 0.006 -21"><span class='ocrx_word' id='word_1_164' title='bbox 296 2923 415 2962; x_wconf 87' lang='lat'>1010.</span> <span class='ocrx_word' id='word_1_165' title='bbox 454 2928 531 2966; x_wconf 81' lang='grc' dir='ltr'><em>νοῦν</em></span> <span class='ocrx_word' id='word_1_166' title='bbox 569 2930 648 2982; x_wconf 73' lang='grc' dir='ltr'><strong>γὰρ</strong></span> <span class='ocrx_word' id='word_1_167' title='bbox 675 2927 716 2973; x_wconf 82' lang='grc' dir='ltr'><strong>ἐξ</strong></span> <span class='ocrx_word' id='word_1_168' title='bbox 750 2929 895 2979; x_wconf 79' lang='grc' dir='ltr'><em>αἰνιγμ.</em></span> <span class='ocrx_word' id='word_1_169' title='bbox 940 2927 1100 2966; x_wconf 76' lang='lat' dir='ltr'><strong>Sensum</strong></span> 
     </span>
     <span class='ocr_line' id='line_1_38' title="bbox 241 2992 1101 3047; baseline 0.006 -18"><span class='ocrx_word' id='word_1_170' title='bbox 241 3003 290 3030; x_wconf 76' lang='lat' dir='ltr'><strong>ex</strong></span> <span class='ocrx_word' id='word_1_171' title='bbox 328 2992 613 3043; x_wconf 75' lang='lat' dir='ltr'><strong>aeniymatibus</strong></span> <span class='ocrx_word' id='word_1_172' title='bbox 648 2995 912 3043; x_wconf 78' lang='lat' dir='ltr'><strong>(eliciendum)</strong></span> <span class='ocrx_word' id='word_1_173' title='bbox 942 2999 1101 3047; x_wconf 78' lang='lat' dir='ltr'><strong>propter</strong></span> 
     </span>
     <span class='ocr_line' id='line_1_39' title="bbox 241 3057 1099 3113; baseline 0.005 -16"><span class='ocrx_word' id='word_1_174' title='bbox 241 3057 514 3099; x_wconf 75' lang='lat' dir='ltr'><strong><em>vaticiniorum</em></strong></span> <span class='ocrx_word' id='word_1_175' title='bbox 528 3061 800 3102; x_wconf 79' lang='lat' dir='ltr'><em>obscuritatem</em></span> <span class='ocrx_word' id='word_1_176' title='bbox 815 3075 892 3101; x_wconf 86' lang='lat' dir='ltr'><strong>non</strong></span> <span class='ocrx_word' id='word_1_177' title='bbox 904 3075 1099 3113; x_wconf 74' lang='lat' dir='ltr'><strong>assequor.</strong></span> 
     </span>
     <span class='ocr_line' id='line_1_40' title="bbox 243 3125 1103 3186; baseline 0.009 -22"><span class='ocrx_word' id='word_1_178' title='bbox 243 3125 307 3164; x_wconf 85' lang='lat' dir='ltr'><strong>Sic</strong></span> <span class='ocrx_word' id='word_1_179' title='bbox 346 3139 404 3165; x_wconf 89' lang='lat' dir='ltr'><strong>vs.</strong></span> <span class='ocrx_word' id='word_1_180' title='bbox 442 3127 573 3166; x_wconf 74' lang='lat'>13662</span> <span class='ocrx_word' id='word_1_181' title='bbox 617 3131 640 3175; x_wconf 77' lang='grc' dir='ltr'>ἦ</span> <span class='ocrx_word' id='word_1_182' title='bbox 673 3134 750 3186; x_wconf 69' lang='grc' dir='ltr'><strong>γὰρ</strong></span> <span class='ocrx_word' id='word_1_183' title='bbox 774 3132 1034 3186; x_wconf 75' lang='grc' dir='ltr'><em>τεκμηριοίσίν</em></span> <span class='ocrx_word' id='word_1_184' title='bbox 1063 3132 1103 3177; x_wconf 83' lang='grc' dir='ltr'><strong>ἐξ</strong></span> 
     </span>
     <span class='ocr_line' id='line_1_41' title="bbox 246 3196 862 3250; baseline 0.01 -17"><span class='ocrx_word' id='word_1_185' title='bbox 246 3196 501 3246; x_wconf 71' lang='grc' dir='ltr'><em>οἰμωγμάτων</em></span> <span class='ocrx_word' id='word_1_186' title='bbox 523 3201 862 3250; x_wconf 72' lang='grc' dir='ltr'><em>μαντευσόμεσθας</em></span> 
     </span>
    </p>

    <p class='ocr_par' dir='ltr' id='par_1_31' title="bbox 248 3261 1108 3654">
     <span class='ocr_line' id='line_1_42' title="bbox 304 3261 1103 3319; baseline 0.005 -20"><span class='ocrx_word' id='word_1_187' title='bbox 304 3261 496 3303; x_wconf 55' lang='grc'>101246.</span> <span class='ocrx_word' id='word_1_188' title='bbox 526 3266 566 3304; x_wconf 84' lang='grc' dir='ltr'><em>τί</em></span> <span class='ocrx_word' id='word_1_189' title='bbox 583 3265 668 3306; x_wconf 84' lang='grc' dir='ltr'><em>τόδε</em></span> <span class='ocrx_word' id='word_1_190' title='bbox 686 3267 872 3319; x_wconf 80' lang='grc' dir='ltr'><em>φαίνεται.</em></span> <span class='ocrx_word' id='word_1_191' title='bbox 903 3265 1103 3304; x_wconf 86' lang='lat' dir='ltr'><strong>Exclama-</strong></span> 
     </span>
     <span class='ocr_line' id='line_1_43' title="bbox 248 3327 1103 3380; baseline 0.007 -14"><span class='ocrx_word' id='word_1_192' title='bbox 248 3327 303 3367; x_wconf 85' lang='lat' dir='ltr'><strong>tio</strong></span> <span class='ocrx_word' id='word_1_193' title='bbox 329 3328 401 3367; x_wconf 84' lang='lat' dir='ltr'><strong>ista</strong></span> <span class='ocrx_word' id='word_1_194' title='bbox 422 3329 563 3380; x_wconf 86' lang='lat' dir='ltr'><strong>legenti</strong></span> <span class='ocrx_word' id='word_1_195' title='bbox 585 3332 625 3370; x_wconf 92' lang='lat' dir='ltr'><strong>in</strong></span> <span class='ocrx_word' id='word_1_196' title='bbox 649 3337 816 3372; x_wconf 87' lang='lat' dir='ltr'><strong>mentem</strong></span> <span class='ocrx_word' id='word_1_197' title='bbox 833 3332 1026 3372; x_wconf 82' lang='lat' dir='ltr'><strong>revocabit</strong></span> <span class='ocrx_word' id='word_1_198' title='bbox 1040 3332 1103 3371; x_wconf 88' lang='lat' dir='ltr'><strong>de-</strong></span> 
     </span>
     <span class='ocr_line' id='line_1_44' title="bbox 251 3397 1108 3452; baseline 0.007 -19"><span class='ocrx_word' id='word_1_199' title='bbox 251 3398 438 3435; x_wconf 81' lang='lat' dir='ltr'><strong>cantatam</strong></span> <span class='ocrx_word' id='word_1_200' title='bbox 454 3397 650 3438; x_wconf 85' lang='lat' dir='ltr'><strong>Macbethi</strong></span> <span class='ocrx_word' id='word_1_201' title='bbox 660 3400 910 3452; x_wconf 87' lang='lat' dir='ltr'><strong>phantasiam,</strong></span> <span class='ocrx_word' id='word_1_202' title='bbox 925 3404 967 3439; x_wconf 88' lang='lat' dir='ltr'><strong>ut</strong></span> <span class='ocrx_word' id='word_1_203' title='bbox 978 3403 1108 3440; x_wconf 86' lang='lat' dir='ltr'><strong>monet</strong></span> 
     </span>
     <span class='ocr_line' id='line_1_45' title="bbox 250 3461 1108 3515; baseline 0.01 -14"><span class='ocrx_word' id='word_1_204' title='bbox 250 3461 392 3502; x_wconf 82' lang='lat' dir='ltr'><strong>Blomf.</strong></span> <span class='ocrx_word' id='word_1_205' title='bbox 421 3463 606 3506; x_wconf 83' lang='lat' dir='ltr'><strong>Ultimum</strong></span> <span class='ocrx_word' id='word_1_206' title='bbox 631 3467 770 3507; x_wconf 80' lang='lat' dir='ltr'><strong>dictum</strong></span> <span class='ocrx_word' id='word_1_207' title='bbox 798 3465 1108 3515; x_wconf 79' lang='grc' dir='ltr'><em>κατολολὺξοιτ’ὦ</em></span> 
     </span>
     <span class='ocr_line' id='line_1_46' title="bbox 255 3531 1108 3588; baseline 0.005 -18"><span class='ocrx_word' id='word_1_208' title='bbox 255 3531 419 3582; x_wconf 76' lang='grc' dir='ltr'><em>θύματος</em></span> <span class='ocrx_word' id='word_1_209' title='bbox 456 3533 652 3588; x_wconf 78' lang='grc' dir='ltr'><em>λευσίμου,</em></span> <span class='ocrx_word' id='word_1_210' title='bbox 690 3536 855 3587; x_wconf 86' lang='lat' dir='ltr'><strong>petitum</strong></span> <span class='ocrx_word' id='word_1_211' title='bbox 893 3539 950 3575; x_wconf 87' lang='lat' dir='ltr'><strong>est</strong></span> <span class='ocrx_word' id='word_1_212' title='bbox 978 3548 1001 3574; x_wconf 88' lang='lat' dir='ltr'><strong>a</strong></span> <span class='ocrx_word' id='word_1_213' title='bbox 1030 3535 1108 3574; x_wconf 84' lang='lat' dir='ltr'><strong>ritu</strong></span> 
     </span>
     <span class='ocr_line' id='line_1_47' title="bbox 254 3598 1108 3654; baseline 0.008 -18"><span class='ocrx_word' id='word_1_214' title='bbox 254 3598 545 3648; x_wconf 80' lang='lat' dir='ltr'><strong>sacrificiorum,</strong></span> <span class='ocrx_word' id='word_1_215' title='bbox 574 3602 614 3642; x_wconf 91' lang='lat' dir='ltr'><strong>in</strong></span> <span class='ocrx_word' id='word_1_216' title='bbox 642 3602 777 3654; x_wconf 91' lang='lat' dir='ltr'><strong>quibus</strong></span> <span class='ocrx_word' id='word_1_217' title='bbox 801 3603 964 3643; x_wconf 79' lang='lat' dir='ltr'><strong>solennis</strong></span> <span class='ocrx_word' id='word_1_218' title='bbox 982 3605 1108 3644; x_wconf 75' lang='grc' dir='ltr'><em>ὀλολυ-</em></span> 
     </span>
    </p>
   </div>
   <div class='ocr_carea' id='block_1_31' title="bbox 1172 2516 2061 3655">
    <p class='ocr_par' dir='ltr' id='par_1_32' title="bbox 1172 2516 2061 3655">
     <span class='ocr_line' id='line_1_48' title="bbox 1181 2516 2059 2574; baseline -0.005 -14"><span class='ocrx_word' id='word_1_219' title='bbox 1181 2524 1277 2574; x_wconf 65' lang='grc' dir='ltr'><strong>γμὸς</strong></span> <span class='ocrx_word' id='word_1_220' title='bbox 1308 2518 1515 2559; x_wconf 85' lang='lat' dir='ltr'><strong>tollebatur</strong></span> <span class='ocrx_word' id='word_1_221' title='bbox 1527 2549 1539 2566; x_wconf 95' lang='lat'><strong>,</strong></span> <span class='ocrx_word' id='word_1_222' title='bbox 1572 2519 1615 2557; x_wconf 86' lang='lat' dir='ltr'><strong>ut</strong></span> <span class='ocrx_word' id='word_1_223' title='bbox 1630 2517 1792 2557; x_wconf 83' lang='lat' dir='ltr'><strong>vidimus</strong></span> <span class='ocrx_word' id='word_1_224' title='bbox 1806 2529 1922 2570; x_wconf 85' lang='lat' dir='ltr'><strong>supra</strong></span> <span class='ocrx_word' id='word_1_225' title='bbox 1937 2516 1984 2555; x_wconf 87' lang='lat' dir='ltr'><strong>ad</strong></span> <span class='ocrx_word' id='word_1_226' title='bbox 2000 2529 2059 2556; x_wconf 85' lang='lat' dir='ltr'><strong>vs.</strong></span> 
     </span>
     <span class='ocr_line' id='line_1_49' title="bbox 1184 2583 2056 2638; baseline -0.005 -12"><span class='ocrx_word' id='word_1_227' title='bbox 1184 2589 1276 2627; x_wconf 82' lang='lat'>534.</span> <span class='ocrx_word' id='word_1_228' title='bbox 1308 2587 1386 2626; x_wconf 87' lang='lat' dir='ltr'><strong>Hic</strong></span> <span class='ocrx_word' id='word_1_229' title='bbox 1421 2599 1512 2626; x_wconf 88' lang='lat' dir='ltr'><strong>vero</strong></span> <span class='ocrx_word' id='word_1_230' title='bbox 1545 2588 1697 2638; x_wconf 76' lang='grc' dir='ltr'><em>ὀλολυγὴ</em></span> <span class='ocrx_word' id='word_1_231' title='bbox 1720 2583 1951 2636; x_wconf 86' lang='lat' dir='ltr'><strong>intelligitur</strong></span> <span class='ocrx_word' id='word_1_232' title='bbox 1976 2596 2056 2623; x_wconf 87' lang='lat' dir='ltr'><strong>non</strong></span> 
     </span>
     <span class='ocr_line' id='line_1_50' title="bbox 1183 2652 2055 2712; baseline -0.007 -15"><span class='ocrx_word' id='word_1_233' title='bbox 1183 2659 1369 2712; x_wconf 73' lang='grc' dir='ltr'><em>εὔφημος,</em></span> <span class='ocrx_word' id='word_1_234' title='bbox 1409 2657 1452 2694; x_wconf 88' lang='lat' dir='ltr'><strong>ut</strong></span> <span class='ocrx_word' id='word_1_235' title='bbox 1506 2654 1548 2694; x_wconf 91' lang='lat' dir='ltr'><strong>in</strong></span> <span class='ocrx_word' id='word_1_236' title='bbox 1576 2653 1720 2701; x_wconf 84' lang='lat' dir='ltr'><strong>saeris,</strong></span> <span class='ocrx_word' id='word_1_237' title='bbox 1751 2652 1815 2692; x_wconf 83' lang='lat' dir='ltr'><strong>sed</strong></span> <span class='ocrx_word' id='word_1_238' title='bbox 1845 2653 2055 2708; x_wconf 72' lang='grc' dir='ltr'><em>ὃὺςφημοςε</em></span> 
     </span>
     <span class='ocr_line' id='line_1_51' title="bbox 1183 2719 2054 2773; baseline -0.005 -10"><span class='ocrx_word' id='word_1_239' title='bbox 1183 2725 1313 2763; x_wconf 82' lang='lat' dir='ltr'><strong>dirum</strong></span> <span class='ocrx_word' id='word_1_240' title='bbox 1357 2723 1486 2763; x_wconf 80' lang='lat' dir='ltr'><strong>tollite</strong></span> <span class='ocrx_word' id='word_1_241' title='bbox 1527 2722 1723 2761; x_wconf 82' lang='lat' dir='ltr'><strong>ululatum</strong></span> <span class='ocrx_word' id='word_1_242' title='bbox 1752 2719 1913 2760; x_wconf 80' lang='lat' dir='ltr'><strong>victima</strong></span> <span class='ocrx_word' id='word_1_243' title='bbox 1926 2720 2054 2773; x_wconf 83' lang='lat' dir='ltr'><strong>foede</strong></span> 
     </span>
     <span class='ocr_line' id='line_1_52' title="bbox 1172 2786 2057 2844; baseline -0.006 -13"><span class='ocrx_word' id='word_1_244' title='bbox 1172 2795 1365 2844; x_wconf 78' lang='lat' dir='ltr'><strong>peremta.</strong></span> <span class='ocrx_word' id='word_1_245' title='bbox 1425 2791 1666 2841; x_wconf 87' lang='lat' dir='ltr'><strong>Interpretes</strong></span> <span class='ocrx_word' id='word_1_246' title='bbox 1709 2786 1824 2827; x_wconf 84' lang='lat' dir='ltr'><strong>verba</strong></span> <span class='ocrx_word' id='word_1_247' title='bbox 1865 2787 1958 2826; x_wconf 90' lang='lat' dir='ltr'><strong>haec</strong></span> <span class='ocrx_word' id='word_1_248' title='bbox 1986 2800 2057 2840; x_wconf 90' lang='lat' dir='ltr'><strong>pa-</strong></span> 
     </span>
     <span class='ocr_line' id='line_1_53' title="bbox 1181 2854 2050 2908; baseline -0.005 -10"><span class='ocrx_word' id='word_1_249' title='bbox 1181 2872 1269 2898; x_wconf 82' lang='lat' dir='ltr'><strong>rum</strong></span> <span class='ocrx_word' id='word_1_250' title='bbox 1295 2857 1582 2897; x_wconf 82' lang='lat' dir='ltr'><strong>intellexerunt.</strong></span> <span class='ocrx_word' id='word_1_251' title='bbox 1631 2857 1806 2908; x_wconf 79' lang='grc' dir='ltr'><em>λεὺσιμος</em></span> <span class='ocrx_word' id='word_1_252' title='bbox 1834 2854 2050 2894; x_wconf 82' lang='lat' dir='ltr'><strong>derivatum</strong></span> 
     </span>
     <span class='ocr_line' id='line_1_54' title="bbox 1178 2922 2054 2978; baseline -0.009 -10"><span class='ocrx_word' id='word_1_253' title='bbox 1178 2941 1201 2967; x_wconf 85' lang='lat' dir='ltr'><strong>a</strong></span> <span class='ocrx_word' id='word_1_254' title='bbox 1229 2928 1344 2976; x_wconf 75' lang='grc' dir='ltr'><strong>λεὺω,</strong></span> <span class='ocrx_word' id='word_1_255' title='bbox 1388 2924 1546 2978; x_wconf 84' lang='lat' dir='ltr'><strong>proprie</strong></span> <span class='ocrx_word' id='word_1_256' title='bbox 1583 2926 1641 2963; x_wconf 86' lang='lat' dir='ltr'><strong>est</strong></span> <span class='ocrx_word' id='word_1_257' title='bbox 1682 2922 1882 2975; x_wconf 71' lang='lat' dir='ltr'><strong>lapidibus</strong></span> <span class='ocrx_word' id='word_1_258' title='bbox 1909 2935 2054 2961; x_wconf 78' lang='lat' dir='ltr'><strong>necan-</strong></span> 
     </span>
     <span class='ocr_line' id='line_1_55' title="bbox 1179 2990 2049 3042; baseline -0.003 -8"><span class='ocrx_word' id='word_1_259' title='bbox 1179 2994 1254 3034; x_wconf 73' lang='lat' dir='ltr'><strong>dus</strong></span> <span class='ocrx_word' id='word_1_260' title='bbox 1294 2993 1356 3033; x_wconf 87' lang='lat' dir='ltr'><strong>vel</strong></span> <span class='ocrx_word' id='word_1_261' title='bbox 1393 2996 1582 3039; x_wconf 76' lang='lat' dir='ltr'><strong>necatus,</strong></span> <span class='ocrx_word' id='word_1_262' title='bbox 1632 2990 1730 3030; x_wconf 87' lang='lat' dir='ltr'><strong>sicut</strong></span> <span class='ocrx_word' id='word_1_263' title='bbox 1749 2991 2049 3042; x_wconf 71' lang='grc' dir='ltr'><em>καταλεὺσιμος,</em></span> 
     </span>
     <span class='ocr_line' id='line_1_56' title="bbox 1182 3058 2053 3101; baseline -0.003 -1"><span class='ocrx_word' id='word_1_264' title='bbox 1182 3061 1246 3101; x_wconf 86' lang='lat' dir='ltr'><strong>sed</strong></span> <span class='ocrx_word' id='word_1_265' title='bbox 1288 3059 1424 3100; x_wconf 88' lang='lat' dir='ltr'><strong>latiore</strong></span> <span class='ocrx_word' id='word_1_266' title='bbox 1470 3072 1583 3099; x_wconf 80' lang='lat' dir='ltr'><strong>sensu</strong></span> <span class='ocrx_word' id='word_1_267' title='bbox 1625 3058 1671 3098; x_wconf 88' lang='lat' dir='ltr'><strong>de</strong></span> <span class='ocrx_word' id='word_1_268' title='bbox 1698 3058 1808 3098; x_wconf 85' lang='lat' dir='ltr'><strong>foeda</strong></span> <span class='ocrx_word' id='word_1_269' title='bbox 1835 3072 1929 3098; x_wconf 88' lang='lat' dir='ltr'><strong>nece</strong></span> <span class='ocrx_word' id='word_1_270' title='bbox 1957 3058 2053 3098; x_wconf 82' lang='lat' dir='ltr'><strong>dici-</strong></span> 
     </span>
     <span class='ocr_line' id='line_1_57' title="bbox 1183 3125 2058 3181; baseline -0.002 -14"><span class='ocrx_word' id='word_1_271' title='bbox 1183 3131 1272 3175; x_wconf 86' lang='lat' dir='ltr'><strong>tur,</strong></span> <span class='ocrx_word' id='word_1_272' title='bbox 1321 3130 1360 3168; x_wconf 86' lang='lat' dir='ltr'><strong>et</strong></span> <span class='ocrx_word' id='word_1_273' title='bbox 1401 3140 1472 3181; x_wconf 86' lang='lat' dir='ltr'><strong>pro</strong></span> <span class='ocrx_word' id='word_1_274' title='bbox 1512 3125 1692 3167; x_wconf 84' lang='lat' dir='ltr'><strong>liberiore</strong></span> <span class='ocrx_word' id='word_1_275' title='bbox 1737 3139 1806 3166; x_wconf 84' lang='lat' dir='ltr'><strong>usu</strong></span> <span class='ocrx_word' id='word_1_276' title='bbox 1844 3125 2058 3166; x_wconf 85' lang='lat' dir='ltr'><strong>verbalium</strong></span> 
     </span>
     <span class='ocr_line' id='line_1_58' title="bbox 1184 3194 2056 3249; baseline -0.002 -14"><span class='ocrx_word' id='word_1_277' title='bbox 1184 3196 1224 3235; x_wconf 91' lang='lat' dir='ltr'><strong>in</strong></span> <span class='ocrx_word' id='word_1_278' title='bbox 1254 3212 1365 3249; x_wconf 82' lang='grc' dir='ltr'><em>ιμος,</em></span> <span class='ocrx_word' id='word_1_279' title='bbox 1411 3194 1525 3234; x_wconf 89' lang='lat' dir='ltr'><strong>modo</strong></span> <span class='ocrx_word' id='word_1_280' title='bbox 1560 3194 1749 3242; x_wconf 85' lang='lat' dir='ltr'><strong>activam,</strong></span> <span class='ocrx_word' id='word_1_281' title='bbox 1794 3194 1906 3234; x_wconf 90' lang='lat' dir='ltr'><strong>modo</strong></span> <span class='ocrx_word' id='word_1_282' title='bbox 1935 3194 2056 3247; x_wconf 82' lang='lat' dir='ltr'><strong>passi-</strong></span> 
     </span>
     <span class='ocr_line' id='line_1_59' title="bbox 1184 3260 2052 3314; baseline 0 -12"><span class='ocrx_word' id='word_1_283' title='bbox 1184 3276 1293 3311; x_wconf 92' lang='lat' dir='ltr'><strong>vam,</strong></span> <span class='ocrx_word' id='word_1_284' title='bbox 1337 3263 1449 3303; x_wconf 88' lang='lat' dir='ltr'><strong>modo</strong></span> <span class='ocrx_word' id='word_1_285' title='bbox 1493 3264 1669 3302; x_wconf 85' lang='lat' dir='ltr'><strong>neutram</strong></span> <span class='ocrx_word' id='word_1_286' title='bbox 1713 3260 1829 3302; x_wconf 85' lang='lat' dir='ltr'><strong>habet</strong></span> <span class='ocrx_word' id='word_1_287' title='bbox 1862 3262 2052 3314; x_wconf 84' lang='lat' dir='ltr'><strong>significa-</strong></span> 
     </span>
     <span class='ocr_line' id='line_1_60' title="bbox 1184 3329 2049 3386; baseline -0.001 -16"><span class='ocrx_word' id='word_1_288' title='bbox 1184 3331 1344 3371; x_wconf 86' lang='lat' dir='ltr'><strong>tionem.</strong></span> <span class='ocrx_word' id='word_1_289' title='bbox 1401 3330 1465 3370; x_wconf 86' lang='lat' dir='ltr'><strong>Sic</strong></span> <span class='ocrx_word' id='word_1_290' title='bbox 1499 3332 1664 3386; x_wconf 79' lang='grc' dir='ltr'><em>λευσίμῳ</em></span> <span class='ocrx_word' id='word_1_291' title='bbox 1693 3333 1779 3385; x_wconf 75' lang='grc' dir='ltr'><strong>χερὶ</strong></span> <span class='ocrx_word' id='word_1_292' title='bbox 1809 3329 1904 3369; x_wconf 82' lang='lat' dir='ltr'><strong>dixit</strong></span> <span class='ocrx_word' id='word_1_293' title='bbox 1932 3329 2049 3370; x_wconf 82' lang='lat' dir='ltr'><strong>Euri-</strong></span> 
     </span>
     <span class='ocr_line' id='line_1_61' title="bbox 1188 3397 2059 3452; baseline -0.002 -14"><span class='ocrx_word' id='word_1_294' title='bbox 1188 3398 1293 3452; x_wconf 88' lang='lat' dir='ltr'><strong>pides</strong></span> <span class='ocrx_word' id='word_1_295' title='bbox 1322 3399 1394 3438; x_wconf 87' lang='lat' dir='ltr'><strong>Or.</strong></span> <span class='ocrx_word' id='word_1_296' title='bbox 1425 3399 1504 3438; x_wconf 84' lang='lat'><strong>863</strong></span> <span class='ocrx_word' id='word_1_297' title='bbox 1520 3411 1591 3451; x_wconf 88' lang='lat' dir='ltr'><strong>pro</strong></span> <span class='ocrx_word' id='word_1_298' title='bbox 1607 3399 1813 3450; x_wconf 78' lang='lat' dir='ltr'><strong>lapidante</strong></span> <span class='ocrx_word' id='word_1_299' title='bbox 1826 3411 1960 3437; x_wconf 83' lang='lat' dir='ltr'><strong>manu.</strong></span> <span class='ocrx_word' id='word_1_300' title='bbox 1991 3397 2059 3436; x_wconf 84' lang='lat' dir='ltr'><strong>Id.</strong></span> 
     </span>
     <span class='ocr_line' id='line_1_62' title="bbox 1190 3466 2059 3518; baseline -0.002 -12"><span class='ocrx_word' id='word_1_301' title='bbox 1190 3467 1264 3506; x_wconf 86' lang='lat' dir='ltr'><strong>Or.</strong></span> <span class='ocrx_word' id='word_1_302' title='bbox 1295 3466 1400 3505; x_wconf 81' lang='lat'>1236</span> <span class='ocrx_word' id='word_1_303' title='bbox 1428 3468 1466 3505; x_wconf 78' lang='lat' dir='ltr'><strong>et</strong></span> <span class='ocrx_word' id='word_1_304' title='bbox 1509 3467 1616 3506; x_wconf 82' lang='grc'>1239</span> <span class='ocrx_word' id='word_1_305' title='bbox 1661 3468 1832 3518; x_wconf 79' lang='grc' dir='ltr'><em>λεύσιμον</em></span> <span class='ocrx_word' id='word_1_306' title='bbox 1879 3470 1977 3507; x_wconf 76' lang='grc' dir='ltr'><em>ἄταν</em></span> <span class='ocrx_word' id='word_1_307' title='bbox 2019 3467 2059 3504; x_wconf 78' lang='lat' dir='ltr'><strong>et</strong></span> 
     </span>
     <span class='ocr_line' id='line_1_63' title="bbox 1190 3533 2061 3590; baseline -0.003 -16"><span class='ocrx_word' id='word_1_308' title='bbox 1190 3536 1383 3587; x_wconf 77' lang='grc' dir='ltr'><em>λευσίμους</em></span> <span class='ocrx_word' id='word_1_309' title='bbox 1425 3538 1669 3590; x_wconf 72' lang='grc' dir='ltr'><em>καταφθορᾶς</em></span> <span class='ocrx_word' id='word_1_310' title='bbox 1710 3533 1938 3587; x_wconf 84' lang='lat' dir='ltr'><strong>supplicium</strong></span> <span class='ocrx_word' id='word_1_311' title='bbox 1978 3533 2061 3584; x_wconf 86' lang='lat' dir='ltr'><strong>ejus</strong></span> 
     </span>
     <span class='ocr_line' id='line_1_64' title="bbox 1191 3600 2060 3655; baseline -0.002 -14"><span class='ocrx_word' id='word_1_312' title='bbox 1191 3601 1258 3654; x_wconf 89' lang='lat' dir='ltr'><strong>qui</strong></span> <span class='ocrx_word' id='word_1_313' title='bbox 1299 3601 1344 3640; x_wconf 88' lang='lat' dir='ltr'><strong>de</strong></span> <span class='ocrx_word' id='word_1_314' title='bbox 1388 3614 1476 3642; x_wconf 85' lang='lat' dir='ltr'><strong>saxo</strong></span> <span class='ocrx_word' id='word_1_315' title='bbox 1519 3601 1791 3655; x_wconf 81' lang='lat' dir='ltr'><strong>praecipitatus</strong></span> <span class='ocrx_word' id='word_1_316' title='bbox 1832 3600 1958 3654; x_wconf 83' lang='lat' dir='ltr'><strong>perit,</strong></span> <span class='ocrx_word' id='word_1_317' title='bbox 1990 3612 2060 3653; x_wconf 90' lang='lat' dir='ltr'><strong>pro</strong></span> 
     </span>
    </p>
   </div>
  </div>
 </body>
</html>
