2340 3958
892 179 1362 232 ArAMEMNssN.
1966 178 2034 224 89

589 346 648 402 ὡς
686 340 1031 409 οὶσφοέδοοστος,
1081 338 1302 404 οιὶμοέτων
1339 336 1625 401 εὐθνησίμων

589 451 933 518 ἀπορρύεντων,
972 448 1114 514 όμμοι
1150 446 1397 512 συμβάλω
1441 447 1564 500 τόδε.

234 569 372 618 1185
454 572 557 616 ΧΟ.
600 559 634 614 ῶ
673 561 838 614 πολλοὶ
877 560 964 621 μὲν
1003 558 1245 620 τοὶλοιινοο,
1285 558 1451 611 πολλοὶ
1482 556 1520 609 δ’
1561 554 1625 610 οιῦ
1663 558 1789 623 σοφὴ
1938 577 2041 616 1295

594 671 764 733 γύναι,
801 669 993 733 μοοκροὶν
1038 667 1220 726 ἔτεινοις
1240 684 1251 694 ·
1292 669 1331 719 εἶ
1364 667 1402 718 δ’
1441 667 1692 731 ἐτητύμως

597 780 734 844 μόρον
772 778 851 831 τὸν
890 779 1041 838 αὐτῆς
1081 773 1240 839 οἷσθοο,
1278 780 1378 834 πῶς
1418 776 1651 838 θεηλάτου

592 889 704 953 βοὸς
743 888 871 949 δίκην
910 888 1023 954 πρὸς
1064 886 1232 950 βωμὸν
1269 886 1518 950 εὐτόλμως
1557 892 1760 951 ποιτεῖς;

450 1008 553 1052 ΚΑ.
595 1000 678 1050 οὐκ
715 995 814 1050 ἔστ’
855 994 1053 1058 ἄλυξις,
1092 991 1126 1047 ὦ
1163 994 1309 1059 ξένοι,
1348 994 1499 1061 χρόνῳ
1538 996 1712 1048 ποιθῶν.

234 1112 372 1161 1190
452 1118 559 1162 ΧΟ.
601 1109 621 1160 ὁ
656 1108 695 1160 δ’
733 1104 943 1166 ὅστοιτός
981 1126 1043 1169 γε
1080 1110 1163 1159 τοῦ
1201 1105 1370 1172 χρόνον
1408 1105 1746 1171 πρεσβεύεται.
1940 1121 2046 1160 1300

451 1228 556 1274 ΚΑ.
599 1218 697 1281 ἥκει
738 1218 834 1272 τόδ’
875 1213 1030 1283 ἧμοιρ·
1071 1216 1251 1282 σμικροὶ
1289 1215 1510 1282 κερδαίνω
1547 1221 1704 1284 φυγῇ.

453 1338 560 1382 ΧΟ.
600 1328 716 1383 ἀλλ’
755 1326 842 1381 ἴσθι
880 1328 1078 1391 τλήμων
1115 1323 1211 1379 οὗσ’
1251 1326 1339 1378 ἀπ’
1385 1324 1621 1389 εὐτόλμου
1660 1323 1843 1391 φρενός.

454 1447 560 1492 ΚΑ.
601 1438 747 1498 οὐδεὶς
785 1437 944 1490 οέκούει
983 1440 1150 1488 τοιῦτοο
1188 1439 1280 1487 τῶν
1319 1433 1619 1498 εὐδαιμόνων.

458 1558 565 1602 ΧΟ.
607 1550 724 1601 ἀλλ’
763 1548 967 1605 εὐκλεῶς
1006 1565 1075 1598 τοι
1115 1546 1369 1597 κοιτθοινεῖν
1406 1542 1551 1610 χάρις
1590 1543 1758 1609 βροτῷ.

244 1663 382 1712 1195
464 1667 569 1711 ΚΑ.
610 1658 659 1710 ἰὼ
697 1655 880 1722 πάτερ,
920 1660 1003 1708 σοῦ
1043 1658 1134 1706 σῶν
1172 1675 1228 1707 τε
1268 1653 1496 1716 γεννοιίων
1533 1652 1718 1706 τέκνων.
1948 1672 2051 1710 1305

458 1776 564 1820 XO.
605 1765 655 1818 τί
685 1764 722 1817 δ’
762 1764 863 1818 ἐστὶ
903 1771 1103 1830 χρῆμα,
1144 1762 1217 1822 τίς
1250 1765 1294 1815 σ’
1333 1763 1630 1830 ἀποστρέφει
1669 1761 1856 1830 φόβος;

457 1886 562 1930 ΚΑ.
935 1879 1034 1942 φεῦ
1073 1878 1189 1941 φεῦ.

460 1996 566 2040 ΧΟ.
607 1986 656 2039 τί
692 1988 822 2040 τοῦτ’
860 1984 1101 2053 ἔφευξοιςς
1142 1983 1187 2037 εἴ
1221 2006 1267 2038 τι
1299 1986 1376 2049 μὴ
1417 1989 1597 2052 φρενῶν
1636 1984 1828 2046 στύγος.

466 2106 570 2150 ΚΑ.
611 2095 750 2164 φόνον
788 2096 917 2161 δόμοι
957 2096 1168 2148 πνέουσιν
1208 2096 1578 2159 αἱματοσταγῆ.

244 2307 295 2346 V.
325 2307 445 2346 1185.
474 2307 593 2346 non&
621 2305 661 2344 δὲ
690 2310 780 2359 σοφὴ
810 2303 871 2343 Fl.
916 2304 1036 2344 1189.
1068 2306 1108 2346 οὒ
1135 2307 1230 2353 ξένοι
1253 2310 1375 2360 χρόνῳ
1392 2306 1493 2346 πλέω
1512 2305 1629 2356 (πλέῳ
1646 2302 1778 2350 Farn.)
1822 2303 1940 2341 1191.
1960 2319 2053 2358 κερ-

299 2379 406 2420 δανῶ.
465 2378 586 2417 1195.
617 2380 680 2418 σοῦ
708 2385 781 2418 τῶν
807 2394 865 2419 τε.
924 2377 1048 2438 11199.
1079 2383 1193 2433 φόβον
1221 2378 1341 2430 δόμοι.

300 2554 421 2595 1183.
451 2558 498 2600 ὡς
518 2554 656 2608 ἀσφαδ.
682 2556 856 2605 αἱμάτων
868 2555 1103 2606 εὐθνησίμων.

246 2620 495 2662 Illustrantur
521 2623 614 2661 haec
635 2620 751 2661 verba
776 2622 968 2660 contrario
992 2623 1109 2661 hocce

244 2689 437 2738 Euripidis
463 2690 584 2737 dicto,
610 2689 708 2742 quod
735 2689 827 2728 citat
851 2689 1015 2736 Blomf.‚
1046 2689 1108 2729 El.

246 2758 347 2802 842:
377 2764 453 2798 πᾶν
479 2758 518 2797 δὲ
548 2757 647 2809 σῶμ’
677 2760 752 2796 ἅνω
779 2760 880 2797 κάτω
899 2760 1105 2812 ἤσπαιρεν,

248 2825 454 2879 ἐσφάδαζεν
477 2825 688 2871 δυςθνῆσκον
717 2829 823 2878 φόνῳ.
868 2824 1109 2874 Adjectivum

248 2894 459 2944 εὐθνήσιμος
501 2897 610 2943 (quae
652 2893 708 2930 est
749 2903 837 2930 rara
873 2891 997 2930 forma
1038 2903 1108 2943 pro

251 2962 463 3012 θανάσιμος)
506 2958 668 2998 relatum
711 2958 758 2997 ad
787 2958 910 3011 αἷμα,
956 2959 1110 3011 proprie

247 3026 383 3066 referri
430 3025 589 3066 debebat
640 3025 688 3065 ad
726 3025 849 3078 ipsam
890 3038 1108 3078 personam.

249 3093 312 3132 Sic
353 3107 466 3146 supra
514 3108 572 3134 vs.
617 3093 723 3133 1019
766 3093 910 3132 dictum
954 3097 1015 3134 ἐπὶ
1055 3101 1108 3145 γᾷ

252 3163 361 3202 πεσὸν
387 3166 584 3215 θανάσιμον
611 3161 724 3214 αἷμα.

309 3228 411 3268 1189
425 3242 482 3280 sq.
510 3232 572 3270 οὐκ
596 3229 671 3271 ἔστ’
682 3231 829 3276 ἄλυξις.
864 3229 977 3268 nNon
994 3242 1104 3282 para-

252 3295 317 3333 tur
347 3294 533 3336 malorum
568 3297 747 3349 effugium
784 3297 968 3350 temporis
1000 3296 1106 3336 lucro

254 3373 285 3400 s.
325 3362 644 3414 tergiversando.”
701 3365 761 3405 Ad
801 3365 900 3417 quod
930 3365 1103 3404 Chorus:

257 3445 275 3461 n
289 3428 468 3468 Attamen
494 3429 624 3471 ultima
650 3432 744 3472 hora
771 3432 936 3471 maximo
964 3432 1005 3471 in
1034 3433 1104 3471 ho-

254 3507 346 3535 nore
380 3495 540 3536 habetur
580 3511 611 3538 s.
652 3498 810 3552 plurimi
837 3499 1105 3539 aestimatur:'’

254 3563 294 3602 h.
317 3576 350 3602 e.
377 3562 548 3604 ultimam
571 3565 668 3606 vitae
687 3567 820 3607 horam
842 3580 973 3608 omnes
991 3580 1106 3618 quam

1187 2554 1407 2607 longissime
1437 2553 1639 2592 extendere
1669 2552 1836 2592 student.

1243 2621 1350 2660 1192
1367 2634 1449 2673 sqq.
1463 2622 1502 2660 5.
1526 2620 1610 2660 ἀλλ’
1624 2622 1699 2661 ἴσθι
1713 2623 1865 2673 τλήμων
1882 2620 1957 2662 οὖσ”
1975 2624 2053 2663 κτὲ,

1170 2689 1278 2750 ⁴Hoc
1307 2689 1406 2728 dicto
1445 2688 1595 2728 Chorus
1623 2687 1751 2727 laudat
1779 2689 2052 2735 Cassandram,

1193 2757 1347 2808 aquod,
1392 2756 1425 2795 si
1451 2756 1590 2795 misera
1618 2756 1695 2803 sit,
1724 2756 1835 2796 fortis
1862 2759 1991 2796 tamen
2020 2760 2059 2796 et

1188 2824 1357 2863 animosa
1380 2822 1617 2875 ‘appaream
1667 2825 1719 2862 At
1758 2823 1822 2862 illa
1850 2824 1959 2876 parvi
1987 2824 2060 2864 hoc

1187 2891 1303 2938 facit,
1348 2891 1475 2930 dicens
1515 2890 1556 2930 in
1599 2890 1757 2931 miseros
1786 2893 1936 2931 tantum
1965 2905 2054 2932 con-

1188 2958 1319 2997 venire
1345 2958 1528 3009 ejusmodi
1552 2957 1729 3007 laudem3
1764 2959 1942 2999 nnemini
1969 2959 2056 3000 bea-

1187 3029 1316 3065 torum
1370 3025 1445 3064 tale
1486 3025 1577 3078 quid
1627 3026 1813 3067 dicitur.''
1887 3027 2056 3081 Reponit

1190 3094 1363 3133 Chorus:
1401 3093 1619 3133 uPulcrum
1659 3097 1788 3135 tamen
1829 3099 1885 3135 est
1913 3096 2062 3135 homiui

1188 3160 1322 3200 decore
1349 3160 1488 3200 mori.’'
1546 3162 1717 3202 Mortem
1755 3163 1953 3203 honestam
1993 3177 2053 3203 so·

1187 3227 1320 3267 latium
1345 3227 1435 3267 dicit
1458 3228 1617 3268 miserae
1642 3230 1756 3269 vitae.
1800 3231 1945 3270 Deinde
1961 3231 2056 3270 Cas-

1188 3295 1347 3343 sandra,
1375 3295 1466 3335 dum
1491 3296 1676 3337 exclamat
1700 3302 1743 3339 ἰὼ
1769 3303 1919 3355 πάτερ,
1946 3299 2057 3346 nheu,

1187 3365 1318 3415 pater,
1362 3363 1461 3415 proh
1501 3366 1607 3404 tuam
1647 3369 1878 3419 tuorumque
1911 3366 2054 3405 libero-

1187 3443 1274 3470 rum
1302 3433 1441 3470 sortem
1455 3430 1490 3470 !'’
1518 3433 1618 3472 fores
1645 3433 1766 3473 intrat
1781 3452 1792 3482 ;
1823 3435 1868 3474 de
1896 3436 2053 3487 repente

1186 3511 1276 3538 vero
1318 3497 1508 3548 subsistit,
1538 3501 1583 3540 ad
1622 3501 1723 3553 quod
1753 3502 1928 3542 Chorus:
1956 3504 1997 3543 τί
2030 3501 2049 3540 δ

1189 3569 1337 3607 ἐστὶ-

1793 3648 1850 3691 12
