2340 3958
275 174 340 223 26
1004 172 1349 218 ΑΙΣΧΥΛΟΥ

458 343 563 389 ΚΛ.

458 454 561 498 ΧΟ.

457 565 562 609 ΚΛ.

459 674 563 718 ΧΟ.

276 562 378 610 245

603 665 684 717 κοιὶ
726 663 800 722 τίς
839 662 936 716 τόδ’
974 661 1163 726 ἐξίκοιτ’
1200 661 1259 715 ἂν
1296 660 1563 725 ἀγγέλλων
1595 658 1780 725 wlff-53

605 333 771 391 παιδὸς
811 332 918 391 νέοις
957 329 1016 391 ὣς
1055 330 1194 397 κάρτ’
1237 330 1477 395 ἐμωμήσω
1515 328 1710 397 φρένας,

602 443 747 496 πόσου
786 440 952 508 χρόνου
992 441 1040 492 δὲ
1078 440 1160 493 καὶ
1200 438 1493 506 πεπόρθηται
1531 437 1696 500 πόλις;

603 562 689 616 τῆς
729 559 807 607 νῦν
846 552 1075 615 τεκούσης
1114 556 1219 621 φῶς
1263 550 1362 604 τόδ’
1400 548 1629 618 εὐφρόνης
1666 548 1814 611 λέγω.

2005 676 2084 715 280

457 785 562 828 ΚΛ.
597 777 878 844 “Ήφοιιστος
909 773 1039 836 Ἴδης
1081 773 1306 840 λαμπρὸν
1345 772 1607 835 ἐκπέμπων
1644 770 1825 829 σέλας,

609 884 820 953 φρυκτὸς
860 884 907 936 δὲ
945 883 1155 950 φρυκτὸν
1193 882 1310 949 δεῦρ’
1349 881 1438 935 ἀπ’
1477 880 1703 948 ἀγγάρου
1742 879 1883 944 πυρὸς

279 1095 331 1135 V.
362 1094 455 1134 244.
485 1094 592 1137 ποίου
620 1096 765 1147 χρόνου.
825 1091 918 1130 246.
947 1093 1125 1143 ἀγγέλων.

280 1258 462 1308 tanquam
490 1260 715 1311 πτερόεντι,
742 1255 786 1292 ut
808 1253 945 1292 dicitur
960 1254 1138 1294 vs.425=

278 1329 449 1379 βέβακεν
482 1323 562 1375 ’όψις
587 1344 644 1352 -
671 1327 826 1377 πτεροῖς
855 1322 1007 1367 ὀπαδοῖς
1033 1322 1143 1362 ὕπνου

275 1393 466 1434 κελεὺθων.
536 1391 639 1443 Ergo
691 1394 804 1444 φάτις
850 1387 986 1427 latiore
1028 1401 1142 1427 sensu

277 1461 421 1499 dictum
448 1459 570 1498 visum
586 1488 598 1506 ‚
638 1470 770 1504 omen,
811 1456 1045 1496 vaticinium
1072 1455 1141 1494 ali-

277 1527 378 1580 quod
404 1539 483 1566 non
510 1526 683 1572 alatum,
708 1537 731 1563 a
758 1523 906 1564 somnio
934 1523 1143 1564 diversum.

278 1594 407 1634 Multa
448 1593 494 1632 de
519 1593 592 1632 hoc
618 1590 803 1633 vocabulo
832 1596 1000 1648 ἄπτερος
1025 1603 1141 1643 argu-

274 1665 407 1702 tantur
447 1664 594 1701 veteres
627 1660 893 1712 grammatici,
935 1660 1001 1711 qui
1028 1659 1141 1699 etiam

280 1729 510 1770 recentiores
532 1729 573 1767 in
597 1727 768 1767 fraudem
783 1727 1028 1767 induxerunt.
1059 1727 1142 1766 He-

280 1797 458 1850 sychius:
489 1801 658 1852 ἄπτερος
671 1828 682 1848 ,
703 1795 878 1850 αἰφνίδιος
894 1799 1004 1851 παρὰ
1021 1795 1145 1848 ξΟμή-

279 1883 336 1922 ρῳ
352 1894 361 1905 .
410 1867 429 1905 ὁ
477 1869 661 1921 προσηνὴς
712 1866 737 1910 ἢ
774 1865 917 1917 ταχὺς,
966 1865 1146 1918 Αἰσχύλος

281 1932 540 1986 Ἀγαμέμνονι.

336 2000 431 2043 247.
462 2000 571 2051 Quae
612 1998 782 2051 sequitur
816 2002 1054 2056 φρυκτωρίας
1080 1999 1144 2038 de-

283 2067 439 2120 scriptio
469 2066 596 2106 vivida
623 2067 679 2106 rei
707 2067 856 2119 pictura
871 2080 988 2119 aeque
1002 2080 1045 2106 ac
1059 2079 1144 2106 ver-

283 2134 420 2175 borum
451 2135 635 2173 varietate
662 2137 700 2174 et
725 2140 863 2173 ornatu
895 2134 1055 2188 insignis
1075 2136 1146 2174 est.

340 2203 434 2245 247.
459 2200 733 2258 Ἥφαιστος-
764 2206 885 2249 σέλας.
920 2202 1046 2255 Vulgo
1061 2204 1148 2255 post

281 2271 387 2310 hunc
427 2283 581 2310 versum
623 2270 730 2310 colon
776 2271 957 2323 ponitur,
1014 2272 1057 2309 ut
1098 2270 1148 2309 sit

281 2351 508 2391 responsum
536 2338 795 2390 praecedentis
821 2337 1146 2391 interrogationis.

287 2406 381 2450 Quis
407 2406 546 2445 nuntio
569 2406 801 2458 perferendo
830 2410 981 2445 tantam
1009 2405 1146 2445 celeri-

285 2478 404 2514 tatem
445 2478 676 2526 assequatur
691 2474 716 2512 ?
756 2496 811 2503 -—-
861 2474 1058 2512 Vulcanus
1098 2473 1146 2512 ab

284 2543 362 2582 Ida
390 2542 591 2595 fulqorem
634 2541 827 2581 emittens.
884 2541 958 2580 Sed
1000 2541 1146 2593 aptior,

284 2622 346 2648 me
360 2608 509 2657 judice,
529 2611 586 2648 est
598 2608 802 2660 junctura,
828 2608 859 2648 si
872 2605 1079 2663 Ἥφαιστος
1094 2631 1150 2638 -——

289 2681 491 2729 ἐκπέμπων
531 2677 720 2716 referatur
760 2689 878 2727 aeque
918 2689 962 2715 ac
989 2689 1150 2728 sequens

288 2748 445 2799 φρυκτὸς
469 2744 526 2797 ad]
551 2743 714 2784 verbum
743 2747 939 2797 ἔπεμπεν,
965 2746 1150 2795 tanquam

286 2812 318 2850 si
359 2812 524 2851 diceret:
567 2809 773 2867 ’Ἡφαιστος
808 2811 908 2858 Ἴδης
951 2816 1152 2865 ἐκπέμπων

289 2881 421 2929 σέλας,
456 2885 590 2921 ἔπειτα
619 2880 658 2919 δὲ
676 2883 833 2936 φρυκτὸς
861 2883 1019 2936 φρυκτὸν
1042 2881 1149 2936 δεῦρο

290 2949 473 2999 ἐπεμπεν.
530 2948 708 2987 Flamma
749 2947 797 2986 ab
833 2948 912 2987 Ida
940 2948 1079 2987 emissa
1107 2951 1146 2987 et

287 3013 466 3065 deinceps
479 3027 641 3067 sequens
653 3027 827 3066 quaeque
830 3015 915 3068 sax
919 3015 1057 3067 facem
1071 3015 1148 3054 huc

279 3082 467 3134 pertulit.

346 3149 439 3188 248.
469 3146 536 3189 ἀπ’
551 3154 721 3205 ἀγγάρου
741 3155 868 3205 πυρός.
902 3148 1011 3188 Haec
1037 3148 1147 3188 lectio

289 3227 335 3254 ex
350 3215 456 3254 Aelio
473 3216 654 3268 Dionysio
681 3220 830 3255 servata
857 3215 904 3256 ab
920 3215 1147 3269 Etymologo

288 3283 352 3322 M.
380 3281 539 3334 aliisque
580 3282 838 3335 grammaticis
862 3283 951 3332 jure
979 3282 1148 3335 praelata

289 3351 346 3390 est
373 3348 559 3389 librorum
578 3350 732 3390 lectioni
758 3348 826 3391 ἀπ’
845 3353 1023 3403 ἀγγέλου,
1054 3364 1150 3403 quae

289 3416 390 3457 illius
431 3418 697 3471 interpretatio
725 3417 910 3457 habenda.
954 3420 1046 3458 Non
1067 3419 1149 3458 ideo

289 3487 419 3526 tamen
479 3485 608 3525 eadem
668 3498 741 3525 vox
795 3485 896 3525 infra
955 3499 1012 3526 vs.
1070 3486 1148 3530 257

291 3555 448 3606 ἀγγέλου
485 3552 566 3594 loco
604 3553 776 3594 iteranda
804 3555 882 3602 est,
914 3555 958 3593 ut
982 3553 1149 3606 suspica-

1197 1090 1291 1130 248.
1321 1086 1390 1133 ἀπ’
1417 1091 1576 1142 ἀγγέλου
1602 1093 1733 1143 πυρός.

1222 1257 1288 1292 tur
1319 1250 1464 1292 Blomf.
1519 1250 1625 1289 Talia
1651 1249 1768 1289 semel
1794 1250 1894 1290 dicta
1921 1250 2087 1304 placent,

1226 1320 1407 1359 Ceterum
1436 1318 1549 1357 unius
1577 1331 1767 1370 apponam
1795 1318 2087 1358 Eustathiiver-

1222 1386 1271 1426 ba
1299 1386 1346 1425 ad
1376 1386 1513 1437 Odyss.
1543 1399 1584 1438 p.
1615 1386 1745 1432 1854,
1777 1385 1857 1425 26;
1897 1390 2007 1444 παρὰ
2034 1395 2090 1441 τῷ

1225 1456 1327 1508 αὐτῷ
1366 1454 1404 1495 δὲ
1447 1460 1584 1510 ποιητῇ
1625 1457 1661 1492 ἐν
1688 1451 1936 1506 Ἀγαμέμνονι
1963 1457 2027 1496 καὶ
2056 1458 2091 1495 οἱ

1225 1526 1389 1576 ἅγγαροι
1409 1528 1549 1563 κεῖνται
1563 1553 1575 1573 ,
1605 1523 1670 1568 λέξ
1673 1538 1703 1568 ις
1721 1529 1887 1578 φανερῶς
1904 1529 2088 1579 Περσική·

1227 1591 1257 1611 “
1271 1593 1430 1646 φρυκτὸς
1459 1590 1498 1629 δὲ
1527 1593 1684 1646 φρυκτὸν
1713 1589 1816 1646 δεῦρ’
1832 1589 1903 1630 ἀπ’
1921 1594 2093 1646 ἀγγάρου

1224 1661 1340 1714 πυρὸς
1381 1661 1545 1709 ἔπεμπε.
1560 1657 1584 1672 ”
1640 1661 1805 1698 τοιοῦτον
1849 1658 1889 1698 δὲ
1935 1661 1981 1699 τὸ
2019 1666 2093 1699 τῶν

1225 1734 1366 1780 φανῶν·
1410 1728 1543 1781 κυρίως
1572 1726 1611 1765 δὲ
1640 1729 1741 1766 κατὰ
1769 1728 1888 1766 Αἴλιον
1915 1727 2094 1767 Διονύσιον

1226 1798 1390 1850 ἅγγαροι
1418 1796 1450 1834 οἱ
1481 1797 1521 1833 ἐκ
1549 1793 1725 1847 διαδοχῆς
1752 1799 2091 1850 γραμματοφόροι·

1228 1865 1260 1901 οἱ
1293 1862 1331 1901 δὲ
1360 1862 1467 1902 αὐτοί
1504 1862 1622 1915 (φησι)
1664 1863 1726 1901 καὶ
1762 1861 1947 1902 ἀστάνδαι
1987 1870 2093 1918 Περ-

1402 1929 1489 1980 Qua
1515 1928 1663 1967 ratione
1690 1928 1866 1968 ordinata
1893 1931 1991 1968 esset
2017 1930 2092 1969 ista

1226 1998 1580 2053 γραμματοφορὶοι,
1612 2008 1708 2048 quae
1733 2000 1937 2053 ἀγγαρεῖον
1959 1996 2092 2050 appel-

1228 2065 1330 2104 latur
1342 2096 1352 2112 ,
1384 2064 1564 2104 describit
1580 2063 1728 2103 Herod.
1744 2063 1872 2103 VllI.
1889 2065 1964 2112 98;
1993 2065 2094 2104 unde

1228 1937 1346 1975 σικῶς.

1227 2135 1389 2185 apparet
1429 2131 1663 2183 Aeschylum
1711 2133 1799 2184 apte
1839 2132 1913 2172 hoc
1953 2145 2093 2172 nomen

1226 2199 1466 2240 transtulisse
1508 2200 1555 2239 ad
1594 2201 1694 2239 faces
1731 2199 1845 2239 certis
1883 2199 2095 2241 intervallis

1228 2268 1453 2321 dispositas,
1498 2267 1633 2319 quibus
1674 2267 1832 2307 nuntius
1869 2267 1916 2308 ab
1945 2268 2019 2308 Ilio
2047 2269 2094 2309 ad

1228 2336 1354 2388 Argos
1383 2336 1672 2376 transferretur.
1703 2335 1771 2376 ἀπ’
1791 2340 1959 2392 ἀγγάρου
1981 2340 2096 2393 πυρὸς

1229 2403 1463 2455 conjunctim
1493 2403 1637 2443 dictum
1665 2404 1797 2444 eodem
1821 2417 1932 2444 sensu
1946 2417 2021 2457 quo
2034 2418 2094 2446 vs.

1230 2472 1311 2511 299
1333 2475 1489 2524 πομποῦ
1503 2477 1631 2528 πυρός.
1653 2471 1765 2511 Nihil
1778 2473 1906 2511 autem
1919 2472 2095 2520 interest,

1230 2541 1362 2578 utrum
1398 2540 1598 2578 construas
1635 2542 1794 2595 φρυκτὸς
1831 2538 1898 2580 ἀπ’
1928 2544 2097 2592 ἀγγάρου

1230 2612 1346 2662 πυρὸς
1403 2607 1462 2656 (ut
1512 2608 1623 2660 βέλος
1678 2603 1747 2646 ἀπ’
1805 2610 2003 2660 ὀμμάτων)
2045 2619 2107 2649 an.

1232 2678 1400 2727 ἔπεμπεν
1437 2671 1506 2714 ἀπ’
1532 2679 1617 2726 ἀγγ.
1650 2678 1781 2730 πυρός.
1813 2674 2008 2714 Posterius
2034 2676 2094 2714 ta-

1231 2753 1319 2781 men
1335 2741 1466 2782 suadet
1474 2741 1682 2792 junctura:
1699 2741 1784 2795 fax
1796 2741 1935 2793 facem
1962 2746 2092 2782 trans-

1230 2809 1340 2849 misit
1377 2823 1452 2862 ρον
1495 2809 1623 2862 iqnem
1666 2813 1839 2866 ἀγγάρου
1879 2810 1962 2850 vice
1989 2810 2093 2863 fun-

1227 2881 1395 2929 qentem.

1285 2944 1397 2996 Quod
1434 2944 1479 2991 ad
1516 2944 1640 2997 ipsam
1675 2957 1760 2984 rem
1800 2944 1962 2994 attinet,
2007 2959 2097 2986 usus

1227 3020 1301 3054 τῶν
1342 3020 1534 3068 φρυκτῶν,
1591 3025 1661 3065 per
1705 3025 1798 3064 quos
1841 3025 1861 3051 e
1888 3012 2096 3066 longinquo

1228 3080 1397 3120 hostium
1429 3082 1489 3120 vel
1519 3080 1708 3120 sociorum
1736 3080 1922 3121 adventus
1949 3081 2095 3121 indica-

1227 3150 1357 3196 retur,
1387 3148 1487 3187 unde
1527 3151 1679 3204 φρυκτοὶ
1707 3150 1881 3200 πολέμιοι
1908 3148 1969 3188 vel
1997 3151 2092 3204 φίλοι

1229 3215 1342 3263 dicti,
1372 3218 1485 3255 notus
1518 3229 1605 3255 cum
1635 3214 1787 3255 aliunde
1810 3218 1893 3255 tum
1921 3229 1942 3255 e
1967 3217 2092 3257 Theo-

1229 3282 1334 3336 gnid.
1373 3295 1429 3323 vs.
1458 3284 1552 3323 549.
1580 3282 1755 3335 Thucyd.
1784 3283 1856 3331 ΙΙ,
1888 3284 1955 3324 94.
1997 3284 2094 3331 ΙΙΙ,

1231 3350 1301 3390 22.
1341 3351 1409 3389 80.
1448 3349 1514 3389 ubi
1541 3350 1652 3403 plura
1680 3349 1799 3390 schol.
1829 3352 1868 3390 et
1893 3351 2029 3404 Poppo
2052 3351 2093 3390 in

1231 3417 1448 3457 Comment.
1467 3417 1621 3457 Horum
1631 3418 1678 3457 ad
1693 3418 1908 3471 exemplum
1921 3419 2093 3470 Aeschy-

1230 3485 1289 3525 lus
1329 3483 1430 3525 hanc
1474 3489 1710 3543 φρυκτωρίαν
1749 3487 1883 3535 finxit,
1939 3485 2092 3539 ignibus

1230 3564 1302 3605 per
1340 3551 1540 3592 intervalla
1582 3554 1674 3593 scite
1714 3553 1767 3593 sic
1804 3553 2016 3607 dispositis,
2046 3554 2088 3592 ut
