2340 3958
888 212 1360 262 ΑΓΑΜΕΜΝΩΝ.
1940 199 2046 268 1011

541 397 548 403 ·
590 379 722 444 φεῦ,
764 375 1107 440 πολύμναστον
1147 371 1401 434 ἑπήνθισας
1447 365 1554 434 αἷμ’
1594 365 1805 420 ἄνιπτον.

225 492 364 544 1350
1938 490 2045 529 1460

739 485 784 539 εἴ
817 507 891 546 τις
931 484 1038 539 ποτ’
1078 486 1125 537 ἐν
1164 482 1395 548 δόμοισιν,

668 594 985 663 περίκλαυτός
1024 614 1087 658 γε
1124 591 1319 659 τάνδρὸς
1356 589 1494 657 οἰζύς.

446 715 553 761 ΚΛ.
668 705 815 770 μηδὲν
853 703 1059 757 θανάτου
1094 708 1264 769 μοῖραν
1301 701 1515 767 ἐπεύχου
1881 715 1966 763 σὺς.
1994 712 2045 754 α’.

818 813 970 873 τοῖςδε
1005 812 1282 878 βαρυνθείς·

672 924 785 989 μηδ’
822 924 887 984 εἷς
926 921 1121 984 Ἑλένην
1159 920 1293 974 κότον
1330 920 1591 988 ἐκτρέψῃς,

229 1037 370 1087 1355
671 1036 732 1095 ὥς
771 1033 1094 1101 ἀνδρολέτειρ’,
1134 1034 1196 1091 ὡς
1234 1031 1330 1096 μιά
1370 1034 1562 1084 πολλῶν
1946 1043 2050 1084 1465

673 1145 845 1212 ἀνδρῶν
882 1143 1060 1211 ψυχας
1097 1145 1305 1196 Δαναῶν
1343 1138 1537 1194 ὂλέσασ’

750 1254 1029 1319 ἀξύστατον
1066 1251 1224 1317 ἄλγος
1264 1249 1483 1317 ἔπραξεν.

346 1376 534 1423 ΗΜΙΧ.
574 1368 770 1433 δαῖμον,
807 1366 856 1427 ὃς
896 1365 1142 1431 ἐμπίτνεις
1184 1365 1371 1430 δώμασι
1413 1363 1495 1417 καὶ
1535 1361 1756 1430 διφυίοισι
1899 1370 1979 1407 ἀντ.
2003 1366 2053 1407 α’.

956 1475 1342 1530 Τανταλίδαισιν
1357 1518 1371 1538 ,

681 1586 852 1655 κράτος
890 1588 1204 1655 θρασύψυχον
1240 1588 1294 1640 ἐκ
1331 1589 1568 1650 γυναικῶν
1952 1601 2058 1644 1470
2100 1658 2104 1661 .

239 1702 382 1753 1360

678 1699 1004 1766 καρδιόδηκτον
1042 1698 1145 1763 ἐμοὶ
1183 1697 1442 1765 κρατύνεις.

759 1809 837 1862 ἐπὶ
877 1809 925 1862 δὲ
964 1809 1190 1873 σώματος
1229 1809 1363 1861 δίκαν

239 1965 291 2007 V.
321 1965 442 2006 1361.
472 1964 582 2006 Fort.
610 1964 687 2019 leg.
717 1967 779 2008 ἆπὶ
811 1966 852 2007 δὲ
880 1966 1069 2019 δώματος.

239 2060 293 2102 V.
323 2061 444 2101 1358.
474 2062 706 2114 ἐμπίπτεις.
725 2090 736 2102 .
755 2090 767 2103 .
799 2061 968 2118 διφυεῖσι.
1027 2061 1148 2101 1359.
1178 2064 1319 2116 κράτος
1352 2063 1539 2114 ἰσόψυχον.
1597 2059 1718 2098 1360.
1748 2058 1888 2115 καρδίᾳ
1917 2057 2059 2104 δηκτὸν.

295 2134 417 2174 1361.
449 2135 553 2176 δίκαν
578 2151 646 2188 μοι
674 2140 845 2192 κόρακος.

241 2255 420 2309 congruit
465 2255 650 2307 adjectivo
692 2257 951 2309 πολύμναστον
992 2257 1106 2308 atque
1186 2253 1358 2296 dissimili
1387 2266 1478 2293 vero
1508 2265 1619 2292 sensu
1645 2252 1846 2305 Aristoph.
1877 2264 1966 2292 mox
1994 2251 2062 2292 cit.

240 2322 358 2363 verbo
381 2327 596 2371 ἑπήνθισας.
628 2323 730 2377 αἷμα
754 2328 954 2371 ἐπήνθισας
977 2326 1034 2363 est
1053 2323 1106 2364 id.

242 2391 343 2443 quod
359 2393 523 2445 αᾷιατος
537 2395 648 2438 ἄνθος
662 2395 849 2446 ἐπέβαλες
866 2421 879 2442 ‚
903 2391 1109 2443 sanquinis

239 2459 433 2499 maculam
475 2459 719 2512 adspersi-sti.
776 2459 831 2498 Ut
876 2463 984 2507 ἄνθος
996 2489 1013 2508 ,
1041 2463 1110 2500 ἀν-

242 2530 317 2568 θεῖν
350 2527 466 2566 etiam
508 2527 554 2566 de
589 2527 698 2567 malis
729 2525 842 2567 rebus
874 2530 1110 2580 usurpantur

241 2594 334 2644 (vid.
349 2598 430 2635 not.
446 2595 493 2635 ad
513 2608 570 2635 vs.
588 2596 734 2644 1041),
753 2595 807 2635 sic
821 2598 858 2635 et
874 2597 1107 2646 ἐπανθίζειν,

241 2661 342 2714 quod
383 2661 540 2715 proprie
581 2662 681 2716 sign.
701 2665 825 2718 flores
869 2663 914 2702 in
941 2664 1111 2715 aliquem

241 2742 446 2782 sperwere,
478 2730 591 2769 etiam
615 2730 661 2769 de
680 2731 836 2771 macula
859 2743 890 2771 s.
906 2731 994 2770 labe
1015 2743 1112 2782 quae

242 2796 487 2850 adspergitur
538 2798 630 2851 poni
678 2800 818 2851 potest.
884 2798 918 2837 E
958 2797 1112 2851 linguae

243 2864 392 2905 ratione
430 2865 574 2918 duplici
601 2866 713 2906 modo
740 2866 813 2905 dici
842 2865 951 2905 licet:
996 2870 1114 2908 ἐπαν-

246 2935 360 2984 θίζειν
398 2950 483 2976 τινα
518 2937 658 2988 αἵματι
698 2938 736 2974 et
777 2933 878 2988 αἴμα
907 2937 1114 2986 ἐπανθίζειν

246 3003 333 3042 τινὶ.
364 3001 479 3041 Prior
501 3002 734 3043 constructio
748 3005 806 3042 est
820 3004 930 3054 Sept.
947 3016 982 3041 c.
999 3001 1116 3042 Theb.

248 3068 355 3108 951:
399 3073 443 3111 ἰὼ
482 3072 631 3117 πολλοῖς
669 3073 932 3117 ἐπανθίσαντες
977 3075 1121 3111 πόνοισι

250 3141 390 3188 γενεάν.
451 3137 585 3178 Altera
633 3138 674 3177 in
709 3138 813 3177 hunc
855 3137 982 3177 locum
1028 3150 1119 3177 con-

250 3204 371 3244 venit.

307 3272 540 3316 1352—57.
568 3273 718 3325 Junge:
747 3275 867 3327 μηδὲν
894 3274 1014 3320 τοῖςδε
1038 3278 1122 3328 βα-

254 3341 396 3390 ρυνθεὶς
421 3343 499 3382 κτὲ.
530 3364 585 3371 -·
625 3343 837 3389 ἀξύστατον
865 3344 978 3393 ἄλγος
1021 3341 1122 3393 sign.

255 3406 367 3445 dolor
389 3407 664 3461 incompositus
678 3441 689 3457 ,
716 3410 784 3463 qui
810 3410 983 3462 componi
1006 3422 1037 3448 s.
1056 3421 1122 3447 sa-

256 3473 349 3512 nari
376 3475 525 3527 nequit.
557 3476 731 3516 Petitum
744 3476 895 3516 videtur
911 3489 932 3516 a
948 3475 1122 3519 vulnere.

258 3539 386 3580 Simili
426 3554 539 3582 sensu
578 3544 804 3584 Xenarchus
845 3543 947 3596 apud
980 3544 1124 3583 Athen.

260 3608 322 3649 II.
365 3622 404 3661 p.
445 3608 497 3649 63
540 3611 572 3650 F
602 3611 694 3652 dicit
720 3613 841 3666 τύχας
869 3614 1123 3660 ἀξυστάτουςὲ

1246 2322 1476 2363 1358-63.
1518 2322 1675 2374 δαῖμον,
1718 2322 1755 2368 ὃς
1783 2322 2006 2374 ἐμπίτνεις.
2023 2350 2060 2363 ..

1189 2394 1252 2433 ἐπὶ
1282 2392 1322 2432 δὲ
1365 2397 1543 2444 σώματος
1581 2391 1658 2431 κτὲ.
1718 2389 2063 2428 Animadvertatur

1189 2459 1376 2499 transitus
1419 2472 1441 2498 a
1477 2458 1642 2498 secunda
1670 2470 1834 2509 persona
1865 2458 2000 2510 δαῖμον
2027 2458 2065 2504 ἃς

1190 2549 1248 2556 -
1274 2527 1321 2566 ad
1348 2526 1504 2566 tertiam
1533 2529 1597 2567 ἐπὶ
1642 2527 1680 2567 δὲ
1711 2533 1812 2578 σώμ.
1834 2557 1843 2566 .
1864 2557 1874 2567 .
1893 2558 1903 2567 .
1948 2527 2065 2567 ἐπεύ-

1191 2610 1322 2650 χεται.
1353 2593 1549 2633 Particula
1579 2595 1641 2646 δὲ,
1674 2606 1769 2645 quae
1797 2592 1908 2632 ambo
1938 2606 2060 2632 enun-

1191 2663 1285 2702 tiata
1329 2664 1595 2714 coagmentat,
1636 2661 1821 2712 majorem
1853 2661 1931 2701 vim
1959 2660 2065 2700 addit

1192 2729 1343 2777 verbis,
1374 2730 1587 2783 significat:
1623 2730 1690 2769 En
1714 2742 1802 2769 vero
1826 2733 1936 2768 stans
1949 2741 2066 2781 super

1193 2811 1351 2850 corpore
1378 2800 1454 2838 cet.
1514 2798 1578 2837 Ita
1607 2810 1696 2837 mox
1729 2798 1860 2837 1492:
1897 2803 2018 2839 κεῖσαι
2035 2794 2068 2838 δ’

1193 2870 1378 2923 ἀράχνης.
1410 2864 1461 2905 In
1489 2865 1595 2904 hunc
1619 2863 1836 2917 similesque
1851 2863 1953 2904 locos
1968 2878 2062 2917 qua-

1194 2935 1281 2974 drat
1331 2933 1432 2986 quod
1481 2932 1714 2985 Aeschylum
1767 2936 1810 2973 ut
1857 2934 2069 2981 ἀξύστατον

1199 3004 1308 3042 notat
1346 3001 1622 3054 Aristophanes
1651 3000 1758 3041 Nub.
1790 3002 1912 3042 1336.
1953 3002 2066 3041 Cete-

1200 3082 1288 3109 rum
1316 3069 1467 3108 Chorus
1493 3069 1645 3109 videtur
1673 3068 1746 3109 sibi
1768 3069 1896 3109 videre
1921 3069 2067 3109 malum

1201 3137 1380 3190 genium,
1421 3135 1556 3176 domus
1583 3139 1806 3194 ἀλάστορα,
1838 3138 1904 3190 qui
1932 3138 2070 3191 rapina

1201 3204 1344 3257 potitus
1359 3203 1521 3244 cornicis
1535 3204 1658 3245 instar
1681 3209 1785 3244 stans
1800 3218 1915 3258 super
1929 3205 2070 3258 praeda

1202 3271 1329 3311 dirum
1357 3268 1543 3311 ululatum
1574 3271 1685 3311 edere
1724 3275 1851 3326 parat.
1904 3278 2070 3330 Κόρακος

1201 3339 1328 3392 imago
1356 3339 1500 3392 optime
1531 3339 1710 3380 convenit
1737 3340 1778 3379 in
1807 3339 1951 3380 malum
1980 3341 2069 3380 dae-

1202 3418 1380 3454 monem,
1419 3408 1500 3446 tam
1539 3405 1587 3446 ob
1615 3406 1869 3447 insatiabilem
1897 3407 1976 3448 avis
2005 3420 2069 3447 ra-

1203 3473 1407 3526 pacitatem
1425 3487 1539 3526 quam
1555 3473 1602 3514 ob
1618 3475 1831 3515 ominosum
1848 3475 2071 3516 clamorem.

1207 3545 1368 3596 ἐκνόμως
1395 3543 1507 3596 ὕμνον
1534 3544 1659 3595 ὑμνεῖν
1688 3545 1744 3582 est
1768 3543 1820 3583 id.
1836 3543 1936 3595 quod
1955 3555 2071 3596 supra

1208 3623 1266 3651 vs.
1297 3611 1404 3651 990:
1449 3612 1606 3666 ὑμνῳδεῖ
1650 3614 1777 3667 θρῆνον
1814 3609 1970 3668 Ἐρινύος
2000 3641 2009 3652 .
2028 3642 2038 3652 .
2059 3642 2068 3649 .
