2340 3958
946 156 1418 206 ΑΓΑΜΕΜΝΩΝ.
2016 150 2081 197 :39

678 320 767 386 πρὸ
805 324 888 372 τοῦ
925 319 1160 386 φανέντος
1197 317 1343 383 χάριν
1383 315 1666 379 ξυναινέσαι.

608 429 798 487 πιθανὸς
836 427 971 492 άγαν
1009 429 1031 481 o‘
1069 429 1212 490 θῆλυς
1250 427 1372 495 θρόος
1410 425 1712 490 ἐπινέμεται,

746 540 1052 607 ταχύπορος,
1093 539 1234 593 οΞλλοὶ
1270 539 1548 605 ταχύμορον

672 652 1077 717 γυναικογήρυτον
1115 649 1318 702 ὄλλυται
1357 649 1508 708 κλέος.

874 822 1470 869 ΚΛΤΤΑΙΜΝΗΣΤΡΑ
1480 858 1490 868 .
1567 823 1574 839 “

262 981 366 1030 430

594 1093 895 1155 φρυκτωριῶν
932 1110 989 1142 τε
1026 1089 1107 1141 καὶ
1148 1088 1291 1155 πυρὸς
1331 1087 1706 1154 παραλλαγάς,

594 977 736 1044 Τάχ’
774 976 1031 1041 εἰσόμεσθα
1070 977 1347 1042 λαμπάδων
1385 977 1680 1045 φαεσφόρων

2000 1106 2082 1143 490

602 1197 689 1252 εἴτ’
727 1196 803 1252 οὖν
841 1200 1066 1262 ἀληθεῖς,
1108 1197 1194 1252 εἴτ’
1233 1197 1479 1265 ὀνειράτων
1518 1196 1648 1258 δίκην

596 1309 791 1376 τερπνὸν
827 1309 924 1363 τόδ’
962 1311 1094 1364 ἐλθὸν
1130 1315 1237 1379 φῶς
1275 1310 1529 1377 ἐφήλωσεν
1566 1308 1761 1376 φρένας.

598 1419 757 1486 κήρυκ’
789 1418 880 1473 ἀπ’
918 1422 1071 1483 οἷκτῆς
1110 1420 1230 1475 τόνδ’
1263 1423 1345 1487 ὁρῶ
1378 1419 1642 1473 κατάσκιον

269 1535 374 1584 435

603 1648 759 1704 πηλοῦ
798 1643 1023 1709 ἕύνωρος,
1065 1644 1206 1710 διψία
1244 1644 1391 1706 κόνις,
1431 1643 1579 1697 τάδε·

603 1531 794 1592 κλάδοις
833 1533 1034 1592 §mim-
1075 1538 1313 1600 μαρτυρεῖ
1347 1533 1396 1585 δέ
1434 1551 1513 1597 μοι
1552 1530 1692 1590 κάσις

2007 1663 2086 1701 495

596 1751 644 1811 ὃς
682 1752 780 1806 οὔτ’
818 1752 1020 1813 ἄναυδος
1059 1754 1169 1807 οὔτε
1207 1774 1277 1807 σοι
1317 1754 1458 1806 δαίων
1496 1753 1677 1822 φλόγα

268 1928 314 1968 V.
345 1929 441 1972 427.
473 1931 492 1970 ὃ
518 1932 625 1977 θῆλυς
646 1931 742 1985 ὅρος.
800 1931 893 1969 436.
926 1931 1111 1986 ξύνουρος.
1174 1930 1269 1973 437.
1300 1933 1346 1975 ὡς
1374 1929 1463 1970 οὔτ’.

315 2067 410 2106 430.
441 2066 745 2119 Clytaemnestra
774 2068 886 2108 modo
909 2068 990 2120 jam
1019 2069 1123 2109 inter

259 2138 472 2175 extremum
503 2136 693 2175 canticum
722 2149 768 2176 ex
796 2136 950 2176 aedibus
977 2137 1018 2176 in
1043 2151 1123 2177 sce·

261 2216 349 2242 nam
391 2204 607 2256 prodierat,
653 2217 883 2257 quamquam
926 2219 1004 2244 non
1046 2205 1127 2244 ani·

261 2271 459 2311 madversa
487 2285 526 2314 a,
548 2273 701 2320 Choro,
741 2273 795 2312 ita
825 2275 867 2312 ut
895 2272 1012 2312 verba
1042 2273 1129 2320 illa,

262 2338 399 2391 quibus
433 2339 659 2379 muliebrem
687 2340 948 2380 credulitatem
979 2342 1130 2381 Chorus

263 2408 409 2460 carpit,
449 2408 580 2447 audire
607 2408 792 2460 potuerit.
851 2408 1031 2449 Indicant
1058 2410 1131 2449 hoc

262 2478 342 2514 tam
370 2475 545 2527 proxima
573 2475 690 2516 verba
717 2475 854 2528 quibus
887 2490 994 2516 senes
1025 2490 1128 2516 com-

262 2541 401 2595 pellat,
439 2556 535 2595 quac
563 2544 706 2583 iratum
734 2544 905 2584 animum
938 2545 1124 2597 produnt,

263 2623 379 2662 quam
407 2623 503 2662 quae
524 2611 684 2651 inferius
711 2612 802 2652 dicit
842 2626 898 2652 vs.
933 2614 1036 2652 590:
1070 2617 1132 2655 καὶ

268 2683 326 2726 τίς
339 2678 383 2731 μ’
402 2681 558 2722 ἐνίπτων
586 2680 709 2733 εἶπεν,
732 2712 740 2720 .
760 2711 770 2719 .
789 2713 797 2720 .
829 2682 853 2728 ἦ
885 2685 1012 2738 κάρτα
1039 2685 1134 2737 πρὸς

265 2751 429 2800 γυναικὸς
453 2752 628 2805 αἴρεσθαι
650 2755 746 2805 κεάρ
757 2782 769 2801 ,
786 2761 882 2800 quac
897 2757 1028 2801 aperte
1043 2762 1130 2801 spe-

263 2819 369 2855 ctant
396 2817 442 2855 ad
467 2816 532 2856 illa
553 2817 766 2856 C110ri483
786 2833 794 2855 ε
816 2820 982 2868 γυναικὸς
1000 2821 1132 2871 αἰχμᾷ

265 2889 403 2940 πρέπει
432 2886 509 2926 κτὲ.
541 2887 585 2924 ut
612 2885 882 2931 animadvertit
911 2885 1131 2924 Schiitzius.

265 2950 355 2990 dam
393 2952 561 2992 accurrit
599 2952 645 2991 de
680 2951 815 2992 domfis
844 2955 946 2992 tecto
975 2953 1131 2992 descen-

266 3018 378 3066 dens,
417 3019 518 3059 unde
541 3033 637 3072 quae
665 3033 686 3060 e
717 3020 927 3073 longinquo
947 3021 1130 3060 afferren-

266 3086 332 3125 tur
360 3086 552 3139 speculata
578 3090 674 3127 erat.
718 3088 859 3127 Oratio
888 3101 967 3127 non
1000 3101 1133 3127 carens

269 3153 468 3205 ampullis,
521 3155 690 3195 ardentis
740 3155 912 3195 mulieris
960 3156 1133 3195 animum

269 3218 380 3270 plane
396 3222 529 3263 refert.
558 3223 738 3262 Ceterum
766 3223 812 3262 de
826 3223 1132 3263 dissentientium

267 3285 518 3339 interpretum
542 3290 695 3341 judiciis
717 3290 795 3329 dixi
819 3291 860 3330 in
885 3291 1104 3330 Comment.

324 3354 419 3394 430.
447 3354 538 3411 τάχ’
565 3361 772 3411 εἰσόμεσθα
789 3381 843 3388 —-
874 3358 944 3400 εἴτ’
965 3358 1023 3400 οὖν
1051 3361 1130 3400 κτὲ.

268 3433 347 3461 non
388 3426 476 3462 sunt
513 3425 628 3465 verba
666 3426 874 3466 dubitantis
917 3426 975 3466 vel
1005 3426 1131 3466 scisci-

267 3486 385 3528 tantis
422 3501 514 3529 num
541 3491 595 3531 ita
622 3493 698 3540 sit,
729 3493 792 3532 sed
824 3494 1051 3533 affirmantis
1080 3494 1134 3533 ita

268 3567 347 3594 esse
375 3557 420 3594 ut
442 3555 600 3598 dixerat.
643 3563 840 3616 ὀνειράτων
869 3562 969 3607 δίκην
990 3563 1137 3614 spectat

1204 2068 1252 2109 ad
1280 2081 1397 2121 supra
1424 2067 1525 2107 dicta
1557 2067 1677 2106 Chori
1704 2065 1820 2107 verba
1849 2080 1904 2106 vs.
1935 2068 2031 2110 274.

1261 2138 1356 2176 434.
1408 2138 1483 2193 ὁρῶ
1521 2140 1722 2177 κατάσκιον
1758 2136 1904 2183 κλάδοις
1934 2139 2077 2182 ἐλαίας.

1211 2204 1447 2244 Praeconem
1463 2204 1544 2244 olea
1559 2204 1728 2244 velatum
1745 2217 1838 2252 esse,
1850 2205 1888 2243 id
1900 2218 1920 2243 e
1933 2204 2086 2256 longin-

1210 2286 1285 2325 quo
1332 2286 1402 2326 per
1439 2272 1607 2326 pulveris
1641 2270 1783 2311 nubem
1813 2285 1969 2312 cernere
1997 2285 2088 2311 sane

1211 2341 1313 2380 haud
1343 2344 1513 2393 poterat;
1546 2340 1610 2380 sed
1641 2340 1946 2392 Clytaemnestra
1973 2339 2083 2379 femi-

1210 2409 1284 2448 nea
1327 2408 1561 2448 exsultantia
1599 2408 1727 2447 videre
1766 2421 1805 2447 se
1844 2409 1957 2461 fingit
1985 2408 2087 2460 quod

1211 2476 1338 2529 cupit,
1382 2476 1443 2516 vel
1485 2476 1612 2529 potius
1654 2476 1755 2528 quod
1796 2489 1935 2529 cupere
1962 2489 2002 2515 se
2035 2475 2085 2515 si-

1211 2544 1348 2584 mulat.
1403 2544 1585 2583 Ceterum
1626 2543 1725 2583 lauri
1774 2543 1834 2583 vel
1877 2543 1981 2583 oleae
2023 2557 2085 2584 ra·

1212 2626 1297 2652 mus
1327 2612 1443 2651 fausti
1471 2612 1598 2651 nuntii
1625 2612 1822 2651 indicium.

1260 2681 1354 2720 435.
1374 2685 1484 2726 κάσις
1498 2682 1616 2726 πηλοῦ
1630 2682 1798 2737 ξὺνωρος.
1829 2678 1953 2718 Simili
1963 2681 2087 2732 figura

1212 2750 1321 2802 Sept.
1351 2762 1384 2787 o.
1407 2747 1527 2787 Theb.
1552 2761 1610 2789 vs.
1629 2750 1732 2788 494:
1763 2749 1879 2800 λιγνὺν
1911 2751 2090 2801 μέλαιναν

1216 2820 1357 2869 αἰόλην,
1375 2820 1491 2872 πυρὸς
1503 2821 1621 2857 κάσιν.
1640 2816 1894 2868 Frequentius
1908 2817 1959 2856 ita
1973 2817 2088 2857 ἀδελ-

1214 2888 1278 2939 φὸς
1302 2891 1339 2923 ct
1357 2886 1512 2940 ἀδελφή.
1545 2885 1595 2923 cf.
1624 2883 1767 2923 Blomf.
1795 2884 1842 2923 ad
1864 2886 1973 2936 Sept.
1990 2884 2016 2923 1.
2034 2884 2058 2923 l.

1269 2953 1363 2995 437.
1385 2954 1422 2999 ὃς
1445 2949 1521 2993 οὔτ’
1536 2953 1692 2999 ἄναυδος
1708 2954 1793 2994 οὔτε
1809 2969 1865 2994 σοι
1883 2953 1995 2994 δαίων
2007 2955 2086 2995 κτὲ.

1215 3019 1317 3059 Illud
1347 3037 1404 3062 σοι
1433 3032 1562 3059 amare
1584 3020 1780 3067 additum3
1805 3021 1928 3074 carpit
1950 3034 2090 3074 nempe

1214 3089 1386 3128 Chorum
1413 3088 1479 3140 qui
1491 3087 1687 3127 taedarum
1704 3088 1813 3140 signa
1828 3089 2091 3128 contemsisset

1212 3156 1325 3195 modo
1353 3169 1410 3195 vs.
1441 3156 1523 3199 479
1553 3169 1611 3208 sq.
1630 3179 1685 3184 —
1715 3156 1792 3198 οὔτ’
1810 3157 1967 3203 ἄναυδος
1984 3189 1993 3204 ,
2010 3169 2088 3196 non

1213 3226 1342 3264 mutus
1357 3223 1537 3271 nuntius,
1566 3227 1609 3263 ut
1624 3228 1783 3281 φρυκτὸς
1799 3257 1811 3276 ,
1844 3238 1954 3276 quem
1974 3225 2090 3264 etiam

1214 3292 1386 3343 Theogn.
1414 3304 1470 3330 vs.
1490 3292 1567 3331 549
1583 3297 1692 3331 vocat
1711 3295 1868 3345 ἄγγελον
1883 3295 2082 3347 ἄφθογγον.

1214 3359 1263 3398 cf.
1287 3359 1396 3411 Sept.
1426 3372 1460 3398 c.
1490 3357 1705 3400 Theb.82:
1737 3362 1889 3416 αἰθερία
1916 3366 2010 3406 κόνις
2037 3377 2090 3412 με

1215 3429 1364 3479 πείθει,
1406 3427 1563 3474 ἄναυδος
1706 3431 1878 3480 ἄγγελος.
1920 3452 1974 3458 -
2005 3430 2090 3469 οὔτε

1217 3501 1344 3548 καπνῷ
1385 3497 1528 3550 πυρὸς,
1576 3495 1684 3547 quasi
1723 3495 1853 3548 priora
1887 3495 1952 3535 illa
1981 3495 2088 3547 signa

1218 3561 1315 3601 nihil
1355 3561 1516 3602 fuissent
1547 3562 1622 3603 nisi
1650 3562 1773 3603 inanis
1803 3564 1943 3603 fumus.
1988 3563 2086 3603 Pro·
