2306 3944
707 151 777 199 IN
810 145 1328 206 AGAMEMNONEM.
1831 148 1922 192 309

113 299 287 363 priores
321 317 500 365 sequor.
549 300 670 348 Nam
704 304 757 348 ut
790 315 1009 363 agnosco,
1045 298 1222 363 poetice
1253 303 1301 347 et
1335 297 1569 360 eleganter
1604 295 1830 360 hymnum
1851 296 1926 343 vel

115 384 325 431 naeniam
360 385 451 432 dici
483 402 619 450 posse
654 385 855 449 aliquem
889 384 1141 441 celebrare,
1177 383 1367 441 deflere,
1401 381 1522 429 sicut
1554 381 1652 445 ipse
1670 380 1927 444 Aeschylus

114 468 317 532 Choeph.
353 472 444 517 335
482 470 640 533 pulcre
677 469 819 516 dicit:
854 469 1012 527 δίπαις
1043 473 1119 519 τοί
1149 469 1191 518 σ’
1223 470 1506 529 ἐπιτύμβιος
1545 469 1689 528 θρῆνος
1719 467 1926 516 ἀναστε-

111 555 268 615 νάζει,
305 552 369 600 ita
402 569 561 601 vereor
593 569 652 599 ne
687 568 852 616 parum
886 551 1140 615 poeticum,
1175 551 1316 598 immo
1349 550 1561 614 ineptum
1595 549 1674 608 sit,
1700 549 1739 597 si
1761 549 1927 598 naenia

111 633 292 682 dicatur
339 639 538 698 ἀληθείᾳ
583 637 756 698 Φρενῶν
810 640 990 693 πονεῖν,
1043 635 1087 683 h.
1117 651 1156 683 e.
1196 635 1366 683 sincero
1415 635 1560 682 animo
1593 634 1750 682 dolere.
1817 633 1929 697 Ipsa

109 717 250 767 dictio
284 721 476 770 Ξάπτειν
506 717 631 769 οίῖνσν
667 717 895 782 exquisita
929 721 1010 766 est.
1078 717 1284 765 Verbum
1318 718 1537 775 ἷιὶπ-ἰ-ειν,
1563 716 1621 764 de
1644 732 1738 782 quo
1760 733 1927 781 parum

106 802 220 850 scite
271 802 479 866 disputat
527 801 790 849 Lobeckius
841 800 902 848 ad
952 801 1090 864 Soph.
1141 800 1213 862 Aj.
1265 817 1329 849 vs,
1377 801 1496 858 700,
1533 800 1726 848 ductum
1760 805 1831 848 est
1864 800 1921 848 ab

105 889 189 937 ἷιὶω
223 886 287 948 (h.
322 903 363 934 e.
395 885 522 933 idem
555 883 682 949 quod
708 884 837 945 *ίημι,
874 889 1050 933 mutato
1085 884 1250 949 spiritu
1285 889 1339 933 ut
1370 885 1420 932 in
1454 885 1566 947 ἰός),
1592 884 1712 933 sicut
1734 902 1762 932 a
1782 890 1919 948 χρίω,

103 971 156 1018 fit
203 974 416 1034 χρῖπτω,
471 974 722 1032 χρίμπτω,
777 974 823 1017 et
873 973 1121 1032 cognatum
1172 973 1242 1018 est
1290 970 1468 1033 origine
1502 986 1556 1018 ac
1576 969 1923 1033 ‘significatione

101 1055 242 1103 verbo
264 1054 400 1117 jacio.
466 1053 657 1117 Proprie
693 1052 812 1100 dixit
845 1054 1101 1118 Aeschylus
1135 1070 1274 1118 supra
1312 1070 1378 1102 vs.
1404 1056 1497 1101 510
1530 1051 1696 1116 τόξοις
1732 1055 1924 1103 ἷιὶπτειν

102 1141 226 1200 βέλη
237 1158 250 1195 3
300 1136 427 1184 unde
475 1136 752 1199 intelligitur
795 1138 987 1188 ἱάπτειν
1020 1136 1144 1187 α’ἷνον
1174 1137 1250 1185 hic
1283 1137 1494 1185 similiter
1528 1136 1704 1185 dictum
1739 1154 1840 1185 esse
1872 1141 1927 1185 ut

99 1221 300 1271 inPind.
323 1221 484 1269 Isthm.
508 1221 560 1268 II
582 1220 683 1269 init.
715 1220 884 1268 dicitur
907 1225 949 1272 οἱ
982 1229 1067 1282 μὲν
1100 1227 1257 1273 πάλαι
1372 1221 1591 1285 ἐτόξευον
1622 1220 1923 1285 μελιγάρυας

100 1307 286 1368 ὕμνους.
343 1305 581 1356 Audacius
615 1305 754 1353 etiam
787 1305 876 1353 hoc
911 1306 1050 1353 verbo
1084 1305 1233 1353 utitur
1266 1306 1407 1369 Soph.
1439 1305 1511 1368 Aj.
1547 1306 1671 1366 687,
1696 1306 1778 1354 ubi
1806 1305 1924 1354 Cho-

98 1406 179 1438 rus
211 1390 386 1438 Panem
419 1390 640 1439 invocans
673 1394 827 1454 rogat:
865 1392 1028 1442 Κνώσῗ
1066 1392 1306 1453 ὀρχῆμκτ’
1341 1391 1548 1447 cazh-osuii
1580 1389 1724 1454 ξυνὼν
1757 1393 1923 1452 ¹⁹⁶5an-

98 1474 216 1537 sign.
247 1475 524 1523 8altationem
556 1476 684 1523 ciere.
754 1474 873 1522 Cum
907 1479 1065 1523 nostro
1098 1475 1199 1522 loco
1221 1475 1359 1539 plane
1385 1474 1587 1524 concinit
1609 1475 1729 1524 illud
1751 1475 1922 1524 Rhiani

95 1557 146 1606 in
179 1559 366 1608 Stobaei
400 1559 557 1609 Floril.
592 1560 674 1618 IV,
711 1562 805 1607 34:

905 1646 1080 1705 βιότοιο
1116 1651 1201 1705 μὲν
1233 1645 1280 1702 ἴς
1313 1639 1362 1694 κ’
1396 1645 1619 1703 ἐπιδευὴς

351 1724 664 1787 στρωφᾶται,
701 1729 988 1786 μακάρεσσιν
1021 1726 1103 1775 ἐπὶ
1133 1727 1280 1788 ψόγον
1314 1726 1441 1775 αἰνόν
1475 1727 1642 1776 ἰάπτει

352 1807 638 1867 ἀχνύμενος.
1092 1809 1094 1811 ’

159 1903 238 1952 Vs.
275 1905 416 1952 1428.
485 1902 624 1968 Quod
657 1902 707 1951 in
742 1903 872 1951 libris
907 1904 1077 1967 legitur

601 1998 650 2048 οὗ
685 2005 738 2048 σέ
772 2002 981 2060 προςήκει
1017 2003 1071 2049 τὸ
1106 2003 1307 2061 μέλημα
1341 2004 1507 2063 λέγειν

603 2083 749 2130 τοῦτο
783 2081 891 2129 κτὲ.

91 2175 304 2240 frigidius
327 2177 617 2238 dictumest,
653 2180 786 2245 quasi
819 2180 998 2242 Regina
1030 2179 1233 2227 Chorum
1266 2183 1448 2228 tantum
1483 2184 1606 2229 vetet
1629 2182 1772 2246 eloqui
1793 2199 1912 2248 quae

91 2261 219 2308 cordi
253 2261 447 2320 habeat3
498 2264 640 2312 immo
684 2268 809 2312 vetat
859 2261 1077 2311 Chorum'
1097 2263 1251 2327 ipsum
1302 2264 1391 2311 hoc
1433 2282 1566 2313 curae
1602 2268 1761 2316 habere
1794 2285 1914 2333 quae

90 2345 206 2393 nihil
254 2346 316 2393 ad
366 2363 473 2395 eum
527 2349 801 2412 pertineant.
871 2348 1024 2396 Sensit
1072 2348 1278 2396 Auratus
1335 2352 1381 2396 et
1433 2365 1518 2412 pro
1568 2354 1734 2412 λέγειν
1784 2351 1915 2400 dedit

89 2433 271 2489 μέλειν.
339 2432 482 2480 Nulla
514 2450 624 2482 vero
659 2451 776 2498 opus
812 2438 881 2481 est
915 2433 1193 2490 mutatione;
1230 2434 1525 2481 scribendum
1558 2435 1698 2483 modo
1734 2441 1788 2487 τῇ
1825 2442 1909 2499 μέ-

89 2512 206 2573 λῆμ’
242 2515 439 2576 ἀλέγειν
473 2521 634 2567 τοῦτο.
820 2587 823 2591 .

153 2610 232 2659 Vs.
270 2614 411 2662 1435.
479 2616 730 2678 πόρθμευμ’
761 2618 935 2678 ἀχέων.
990 2615 1270 2680 „Explicant
1302 2618 1390 2665 hoc
1425 2617 1558 2680 (dicit
1591 2619 1911 2685 Hermannus)

89 2710 185 2743 non
227 2711 337 2744 sane
371 2699 594 2758 absurde;
630 2700 714 2748 sed
747 2700 903 2748 nescio
935 2705 1093 2748 tamen
1127 2717 1187 2749 an
1222 2702 1457 2766 scripserit
1489 2704 1746 2769 Aeschylus
1781 2708 1910 2768 πόρθ-

89 2800 249 2841 μευμοι
295 2784 503 2844 νεκρῶν.”
572 2783 874 2847 Conjectura,
924 2801 999 2832 me
1040 2779 1199 2847 judice
1253 2786 1380 2834 haud
1430 2787 1768 2852 improbabilis,
1814 2807 1911 2840 non

79 2864 213 2928 ‚quod
251 2882 416 2928 negem
449 2872 571 2916 recte
609 2868 783 2917 dietum
837 2887 937 2918 esse
987 2869 1240 2932 πόρθμευμ’
1273 2873 1431 2934 ἀχέων
1467 2888 1551 2936 pro
1585 2876 1778 2936 πορθμὸν
1814 2874 1910 2923 sive

86 2951 246 3012 ῥεῖθρον
279 2952 466 3013 ἀχέων,
505 2953 625 3001 sicut
661 2954 836 3001 Orcum
869 2959 991 3014 ἄτης
1020 2964 1230 3018 λειμῶνα
1265 2956 1376 3003 dicit
1398 2957 1705 3020 Empedocles
1732 2976 1798 3007 vs.
1820 2963 1906 3018 233

85 3032 170 3080 sed
214 3037 372 3100 ἀχέων
412 3038 584 3086 mentio
629 3039 804 3088 ironiae
822 3078 834 3097 ,
888 3056 980 3104 qua
1021 3041 1097 3088 hic
1130 3041 1277 3089 utitur
1311 3041 1696 3105 Clytaemnestra,
1748 3044 1906 3092 minus

85 3118 362 3167 conveniens
410 3122 526 3170 mihi
575 3123 771 3172 videtur.
838 3123 991 3171 Etiam
1033 3126 1306 3187 πόρθμευμει
1339 3132 1504 3187 νεκρῶν
1538 3127 1685 3189 magis
1716 3129 1904 3194 proprie

83 3199 281 3260 dictum,
304 3208 565 3255 transvectio
587 3212 898 3267 mortuorum,
933 3208 962 3256 i.
987 3225 1026 3257 e.
1047 3211 1219 3273 flamen
1258 3211 1376 3274 quod
1405 3212 1650 3259 transvehit
1682 3217 1903 3262 mortuos

82 3285 197 3333 Mox
231 3292 333 3348 περὶ
364 3296 499 3352 χεῖρε
533 3293 754 3352 βαλοῦσαι
787 3308 871 3355 pro
906 3295 1052 3353 χεῖρα
1087 3297 1158 3341 est
1191 3294 1411 3342 correctio
1446 3295 1653 3344 Porsoni.

151 3408 252 3457 Vss.
288 3412 415 3457 1440
451 3428 547 3477 sqq.
615 3413 681 3461 Hi
722 3430 902 3471 versus,
948 3414 1029 3478 qui
1074 3415 1121 3462 in
1164 3415 1402 3464 codicibus
1436 3418 1634 3480 graviter
1667 3418 1904 3483 depravati

87 3496 238 3551 erant,
268 3494 364 3556 jam
385 3511 532 3558 paene
567 3499 714 3547 sanati
749 3503 857 3546 sunt
891 3500 946 3545 ab
971 3499 1299 3563 interpretibus
1308 3522 1321 3558 3
1345 3502 1459 3550 levis
1482 3506 1683 3553 restabat
1709 3503 1900 3562 menda,

72 3593 177 3652 'qua
210 3578 408 3639 sublata,
443 3583 508 3629 sic
542 3584 782 3645 legantur:
