2306 3944
311 236 404 280 206
966 226 1465 276 COMMENTARIUS

310 383 440 445 ξενος
483 381 619 444 plane
660 382 808 425 mutat
850 376 1260 440 significationem:
1306 381 1377 424 est
1422 377 1545 424 enim
1589 376 1715 425 idem
1759 394 1813 425 ac
1857 370 1897 424 si
1942 376 2114 425 diceret

310 466 442 527 ὅρμον
473 469 677 524 ὲὶνορμον.

376 591 454 638 Vs.
493 593 601 637 608.
670 587 811 651 Quod
860 590 1000 652 vulgo
1049 589 1237 652 legitur,
1289 589 1338 640 οὐ
1371 591 1642 649 πεποιθότες
1677 593 1838 653 τύχῃ,
1886 590 2113 636 absonum

310 691 409 722 esse
443 678 566 721 recte
599 672 717 720 vidit
749 673 1053 737 Hartungius.
1122 673 1300 736 Quidni
1333 672 1457 721 enim
1490 673 1675 721 fortuna
1709 674 1990 721 confiderent
2023 688 2117 720 ser-

307 758 400 806 vati
434 775 458 805 e
498 761 792 821 tempestate,
842 763 1087 823 postquam
1129 758 1321 822 depulsa
1364 774 1458 805 nox
1509 762 1555 805 et
1598 758 1680 806 lux
1724 757 1934 806 reddita?
2001 757 2110 804 Cor-

306 843 425 891 rexit
457 843 536 890 ille
569 840 659 895 αῧς
690 842 848 907 potius
880 860 990 891 vero
1022 842 1319 891 scribendum
1353 841 1466 889 duxi
1499 840 1551 892 εἶ’]
1584 843 1869 901 πεποιθότες.

371 971 450 1019 Vs.
487 974 596 1020 611.
650 972 762 1020 Post
802 973 980 1023 ἐκείνων
1013 973 1302 1035 Hartungius
1336 972 1533 1020 inseruit
1566 970 1615 1023 ‘t'
1634 1010 1650 1032 ,
1700 988 1795 1019 non
1836 971 1975 1028 male,
2010 969 2120 1034 quia

305 1055 440 1102 ambo
491 1055 605 1103 haec
645 1058 849 1104 membra
892 1060 1070 1108 ἐκείνων
1116 1053 1164 1107 τ’
1208 1086 1264 1095 -
1296 1059 1428 1118 ἡμεῖς
1474 1077 1531 1106 τε
1576 1056 1664 1104 sibi
1713 1055 2019 1120 respondent,
2073 1057 2120 1100 et

308 1143 389 1190 καὶ
421 1143 498 1190 νῦν
529 1155 674 1204 aeque
708 1140 769 1188 ad
809 1145 1057 1204 utrumque
1102 1140 1316 1203 pertinet.
1384 1141 1529 1190 ταῦτ’
1565 1141 1696 1202 ’ἐχειν
1732 1155 1816 1203 pro
1862 1139 2011 1191 ταῦτ’
2050 1143 2119 1186 est

309 1223 569 1272 emendatio
603 1225 793 1288 Stanleji
826 1241 853 1272 a
885 1225 1045 1272 multis
1078 1228 1286 1287 recepta,
1322 1227 1515 1287 excepto
1548 1227 1703 1271 tamen
1737 1223 2019 1271 Hermanno.

374 1355 452 1404 Vs.
489 1359 596 1406 614.
666 1361 850 1420 γένοιτο
883 1358 923 1407 δ’
961 1360 1020 1415 ὡς
1053 1360 1243 1418 ἄριστα.
1291 1363 1536 1408 Μενέλεων
1567 1364 1657 1419 γαρ
1694 1356 1769 1407 οὖν

675 1442 855 1502 πρῶτόν
889 1460 945 1489 τε
977 1445 1058 1489 καῖ
1091 1444 1317 1500 μάλιστα
1349 1440 1580 1500 προςδόκα
1612 1444 1803 1500 μολεῖν·

676 1523 716 1570 εἶ
749 1521 793 1569 δ’
828 1518 902 1570 οὖν
936 1541 1010 1578 τις
1043 1521 1184 1577 ἀκτὶς
1216 1523 1348 1576 ἡλίου
1383 1540 1447 1569 νιν
1480 1524 1662 1581 ἱστορεῖ

676 1605 757 1650 καὶ
791 1603 948 1664 ζῶντα
978 1601 1059 1650 καὶ
1094 1603 1371 1661 βλέποντα,
1408 1604 1655 1663 μηχαναῖς

676 1685 786 1740 Διὸς
822 1684 942 1732 οὔπω
979 1685 1195 1739 θέλοντος
1228 1680 1535 1752 ἐξαναλῶσαι
1570 1684 1732 1742 γένος,

678 1763 821 1820 ἐλπίς
856 1782 930 1821 τις
965 1763 1111 1812 αὐτ-ὃν
1142 1766 1250 1823 πρὶς
1283 1762 1450 1823 δόμους
1483 1763 1636 1812 ἐλθεῖν
1669 1759 1835 1812 πάλιν.

321 1881 499 1928 Looum
533 1879 756 1944 descripsi
790 1879 910 1927 sicut
941 1879 992 1926 in
1024 1879 1153 1927 libris
1186 1879 1374 1942 legitur,
1408 1897 1501 1945 quo
1535 1881 1701 1928 clarius
1736 1880 1979 1928 difficultas
2002 1895 2120 1943 quae

310 1965 435 2012 inest
484 1967 770 2026 agnoscatur.
836 1963 974 2010 Dicta
1023 1963 1137 2010 haec
1171 1979 1266 2011 non
1299 1967 1404 2027 apte
1439 1964 1700 2022 cohaerere,
1735 1964 1944 2028 quisquis
1977 1967 2122 2011 atten-

312 2048 407 2095 tius
456 2047 642 2110 legerit,
706 2047 884 2095 sentiet.
955 2046 1202 2105 „Primum
1262 2051 1308 2095 et
1361 2048 1608 2112 praecipue
1659 2049 1805 2112 (dicit)
1853 2048 2122 2096 Menelaum

252 2131 258 2142 “
310 2134 558 2178 venturum
605 2135 841 2194 exspecta;
892 2130 1062 2195 quodsi
1106 2132 1248 2194 ὁμοίαν
1288 2131 1442 2179 adhuc
1483 2132 1534 2179 in
1566 2132 1681 2180 vivis
1715 2133 1794 2190 sit,
1828 2149 1934 2196 spes
1967 2132 2121 2196 aliqua

311 2218 381 2261 est
413 2230 520 2261 eum
552 2215 886 2263 reversurum.”
952 2215 1164 2262 Alterum
1198 2215 1489 2263 enuntiatum
1523 2218 1563 2267 εἰ
1595 2217 1635 2265 δ’
1672 2215 1747 2265 οἷ’ἱν
1784 2243 1852 2252 ——
1883 2232 1979 2263 non
2012 2231 2119 2262 con-

308 2315 507 2363 sequens
557 2303 645 2356 est,
685 2299 813 2363 quod
853 2315 953 2347 esse
999 2298 1216 2357 debebat,
1258 2299 1449 2363 prioris,
1500 2299 1585 2347 sed
1622 2303 1818 2364 utroque
1850 2298 1977 2346 idem
2012 2298 2123 2345 dici·

306 2387 406 2440 tur,
455 2382 658 2446 primum
705 2387 1017 2431 asseveranter
1032 2421 1044 2440 ,
1095 2385 1324 2446 προςδόκα
1368 2390 1534 2446 μολεῖν
1550 2421 1565 2446 ,
1612 2383 1782 2432 deinde
1828 2383 2093 2431 dubitanter
2109 2421 2122 2441 ,

309 2469 452 2526 ἐλπίς
497 2487 570 2526 τις
615 2467 759 2518 αὐτον
792 2469 962 2519 ἐλθεῖν.
1031 2468 1150 2515 Sunt
1191 2467 1273 2532 qui
1322 2467 1579 2515 remedium
1634 2469 1792 2516 afferre
1843 2468 2124 2515 studuerunt

308 2550 544 2598 mutandis
577 2550 827 2614 particulis.
895 2551 1125 2613 Stanlejus
1160 2568 1266 2599 cum
1297 2552 1473 2600 Aurato
1509 2552 1575 2600 sic
1610 2553 1824 2614 corrigit:
1874 2558 2119 2602 Μενέλεων

311 2637 353 2684 δ’
381 2632 452 2697 ἄρ’
483 2633 557 2685 οὖν
586 2659 650 2669 ·-
694 2635 924 2695 προςδόκα
966 2639 1158 2696 μολεῖν·
1206 2634 1298 2697 εἴγ’
1333 2634 1408 2685 οὖν
1439 2657 1514 2695 ’τις
1548 2638 1690 2695 ἀκτὶς
1722 2637 1825 2686 κτέ.
1887 2634 2122 2682 Blomfiel-

311 2719 446 2766 dius:
488 2720 529 2769 εἶ
571 2722 660 2780 γάρ
697 2739 770 2776 τις
804 2720 946 2776 ἔικτῖς
982 2742 1043 2750 -
1089 2717 1183 2766 Sed
1230 2735 1290 2766 ne
1323 2719 1437 2766 haec
1472 2719 1657 2783 quidem
1697 2719 1808 2766 satis
1841 2722 1949 2781 apta
1982 2722 2120 2765 sunt:

314 2802 502 2861 „Crede
545 2801 679 2848 illum
718 2805 993 2848 venturum:
1047 2806 1163 2850 certe
1206 2803 1298 2863 (vel
1330 2805 1448 2866 nam)
1495 2802 1534 2850 si
1567 2802 1718 2850 adhuc
1750 2803 1884 2859 vivit,
1928 2802 2122 2849 fortasse

312 2886 543 2933 rediturus
585 2886 696 2933 est.''
762 2885 1098 2934 Boissonadius
1142 2891 1291 2934 mutat
1330 2887 1750 2950 interpunctionem
1794 2887 1859 2933 ita
1898 2890 1952 2933 ut
1992 2889 2036 2935 εἰ’
2068 2887 2116 2948 γ’

310 2969 384 3020 οὖν
428 2991 501 3028 τις
547 2972 690 3028 ἀκτὶς
743 2973 1043 3019 connectatur
1091 2987 1195 3019 cum
1238 2971 1542 3034 praecedente
1590 2971 1816 3027 membro,
1869 2986 1963 3017 non
2014 2985 2121 3015 cum

307 3057 559 3116 sequente3
612 3052 769 3100 scribit
809 3053 902 3100 ita:
939 3058 1183 3105 Μενέλεων
1224 3061 1313 3118 γαρ
1362 3053 1436 3105 οὖν
1465 3081 1530 3090 -
1570 3056 1798 3115 προςδόκα
1843 3058 2035 3115 μολεῖν,
2078 3051 2119 3103 εἰ

309 3135 358 3198 γ’
407 3135 480 3186 οὖν
531 3158 604 3195 τις
660 3139 800 3196 ἀκτὶς
831 3140 1108 3199 ...γέννᾳ
1188 3137 1329 3195 ἐλπίς
1381 3157 1455 3194 τις
1512 3136 1655 3185 αὐτὸν
1711 3138 1821 3186 κτέ.
1896 3133 1989 3180 Sed
2037 3133 2120 3180 tali

301 3218 518 3279 junctura
568 3237 662 3268 non
712 3222 891 3268 tollitur
939 3221 1104 3268 vitium
1120 3259 1132 3277 ,
1173 3236 1335 3270 verum
1379 3219 1516 3266 aliam
1556 3218 1606 3265 in
1642 3218 1800 3265 sedem
1833 3218 2118 3266 transfertur.

304 3303 560 3350 Fortiorem
594 3305 869 3353 medicinam
903 3305 1091 3352 adhibet
1120 3303 1409 3366 Hartungius
1445 3302 1526 3367 qui
1558 3302 1623 3349 ita
1658 3302 1834 3349 scribit:
1872 3307 2118 3353 Μενέλεων

304 3394 389 3448 μὲν
433 3385 508 3437 οὖν
544 3413 608 3421 -
648 3390 875 3450 προςδὸκα
911 3393 1056 3439 θανεῖν
1086 3390 1188 3451 (pro
1221 3390 1429 3450 μολεῖν),
1465 3386 1592 3450 quod
1624 3386 1882 3434 remedium
1915 3386 2022 3434 vide
2056 3402 2115 3433 ne

305 3471 465 3518 morbo
503 3470 635 3534 pejus
669 3471 740 3518 sit.
795 3472 1001 3520 Primum
1037 3473 1171 3520 ambo
1208 3471 1445 3519 enuntiata
1475 3471 1595 3518 male
1628 3472 1926 3534 copulantur:
1965 3474 2119 3534 „puta

304 3555 435 3602 illum
468 3559 700 3603 mortuum
737 3572 859 3612 esse3
894 3556 1062 3620 quodsi
1095 3557 1236 3620 ἱρήιον
1268 3555 1420 3603 adhuc
1455 3554 1623 3602 alicubi
1656 3555 1705 3602 in
1740 3556 1855 3603 vivis
1891 3559 1979 3612 est,
2011 3570 2117 3618 spes

307 3642 376 3685 est
425 3654 529 3685 eum
583 3639 917 3687 reversurum.''
982 3640 1071 3687 Pro
1116 3641 1255 3702 iyitur
1294 3638 1448 3702 potius
1483 3642 1635 3686 contra
1670 3638 1918 3688 dicendum
1952 3639 2116 3686 fuerat.
