2340 3958
342 179 368 227 1
378 178 410 225 4«
1077 171 1417 220 ΑΙΣΧΤΛΟΤ

343 341 446 391 100
746 334 885 393 ἐλπὶς
918 333 1089 397 οέμύνει

635 445 887 514 θυμοβόρον
925 441 1130 512 φροντίδ’
1170 439 1437 501 ἄπληστον.

524 667 686 735 Κύριός
724 669 820 732 εἶμι
859 667 997 733 θροεῖν
1031 661 1149 717 ὅδιον
1185 661 1327 729 τέροος
1365 659 1512 713 οοῖσιον
1548 658 1734 723 ἀνδρῶν·
2058 690 2142 728 ⁶²70·

636 777 866 831 ἐκτελέων
905 775 974 830 ἔτι
1013 774 1111 841 γὰρ
1149 772 1298 826 θεόθεν
1336 767 1615 823 κοοτοοπνείει

2071 782 2149 820 105

344 946 394 985 V.
425 944 519 984 101.
548 945 680 996 ἀμύνει
721 938 883 999 φροντίδ’
912 943 1102 987 ἄπληστον
1137 945 1204 985 τῆς
1235 939 1467 991 θυμοφθόρου
1507 935 1622 979 λύπης
1662 937 1776 987 φρένα
1822 930 1884 970 Μ.
1913 920 1993 976 ’τὴν
2036 932 2146 980 θυμο-

394 1022 510 1074 βόρον
537 1018 651 1063 λύπης
682 1021 798 1072 φρένα
826 1013 887 1054 Fl.
917 1020 982 1061 τὴν
1013 1016 1223 1066 θυμοβόρου
1251 1013 1459 1064 λυποςορένα
1490 1007 1607 1046 Earn.
1667 1003 1871 1044 102.103.
1902 1003 1996 1042 ὅδιον
2008 1006 2147 1057 κράτος

396 1093 514 1132 αἴσιον
541 1091 680 1144 ἀνδρῶν
708 1091 893 1130 ἐκτελέων·
926 1090 981 1128 ἔτι
1007 1090 1083 1142 γὰρ
1113 1087 1190 1124 κτὲ.

340 1242 508 1293 μοβὸρον
562 1239 600 1276 et
655 1237 846 1281 ἄπληστον
890 1235 978 1285 apte
1019 1229 1199 1284 copulan-

341 1309 429 1343 tur:
469 1305 568 1356 sign.
597 1315 810 1342 moerorem
838 1301 1010 1340 animum
1035 1299 1199 1338 exeden-

342 1376 439 1418 tem,
475 1371 754 1411 insatiabilem.
783 1369 847 1408 Sic
869 1372 1073 1424 ἀκόρεστος
1101 1371 1197 1417 γόος.

342 1439 452 1478 Pers.
483 1440 575 1478 545.

398 1506 491 1545 102.
522 1505 670 1559 Regina
693 1518 771 1544 non
792 1503 996 1556 respondet
1021 1501 1069 1541 ad
1083 1499 1203 1540 Chori

341 1574 464 1622 dicta,
508 1573 573 1613 sed
608 1586 694 1612 cum
723 1571 904 1612 comitatu
931 1584 1017 1610 aras
1045 1570 1202 1609 deorum

342 1642 516 1683 circumit
526 1660 537 1690 ;
583 1640 741 1680 ndeinde
768 1640 920 1679 videtur
963 1642 1067 1690 (sunt
1096 1639 1201 1677 Her·

340 1710 475 1750 manni
514 1708 646 1758 verba)
688 1706 964 1761 spectatoribus
1005 1720 1027 1746 a
1070 1707 1203 1747 dextra

341 1778 446 1818 abire
486 1782 530 1817 ut
570 1778 611 1816 in
653 1775 748 1815 urbe
783 1789 890 1816 sacra
916 1776 1088 1822 factura,
1119 1777 1203 1814 tum

342 1846 489 1894 redire,
517 1845 626 1885 finito
654 1844 762 1884 chori
789 1843 999 1883 carmine.”
1057 1843 1201 1882 Rever-

343 1927 424 1954 sam
453 1914 591 1953 chorus
617 1913 759 1951 iterum
787 1910 990 1964 compellat
1016 1924 1075 1950 vs.
1097 1911 1199 1958 258,

344 1983 502 2034 oratque
530 1983 574 2020 ut
601 1980 795 2020 silentium
831 1981 986 2032 rumpat
1012 1993 1069 2019 vs.
1100 1980 1202 2019 263:

343 2050 424 2091 οὐδὲ
452 2056 595 2102 σιγῶσα
623 2053 774 2104 φθονοῖς.

400 2119 512 2169 Quod
535 2119 706 2169 sequitur
735 2116 855 2156 Chori
877 2128 1033 2155 carmen
1061 2116 1118 2155 est
1145 2113 1202 2154 bi-

343 2185 553 2238 partitum:
595 2185 703 2238 prior
730 2197 818 2238 pars
846 2186 995 2223 constat
1022 2183 1202 2236 stropha,

342 2252 582 2306 antistropha
624 2255 663 2292 et
689 2253 832 2306 epodo,
876 2252 995 2292 altera
1037 2251 1205 2303 quinque

342 2321 510 2374 strophis
539 2325 578 2361 et
603 2321 763 2361 totidem
790 2319 1067 2373 antistrophis;
1109 2332 1202 2372 quo-

345 2388 456 2428 modo
484 2391 611 2428 autem
641 2389 780 2429 cantici
815 2390 943 2442 partes
983 2388 1085 2427 inter
1113 2388 1203 2426 cho-

345 2469 434 2496 rum
461 2456 683 2497 distributae
709 2457 880 2504 fuerint,
906 2458 1010 2496 certo
1039 2455 1111 2494 dici
1135 2467 1204 2494 ne-

346 2525 443 2577 quit.
498 2525 660 2565 Disserit
697 2525 743 2565 de
779 2525 852 2564 hoc
881 2524 1129 2565 Hermannus
1158 2523 1205 2563 ad

344 2591 436 2633 h.1.

407 2660 502 2701 102.
529 2662 651 2717 κύριός
666 2664 744 2714 εἰμι
761 2666 880 2717 θροεῖν
893 2683 947 2689 —
962 2663 1062 2701 αἰών.
1097 2661 1202 2699 Com-

338 2728 446 2780 petit
484 2729 583 2768 mihi
622 2731 829 2781 auqurium
870 2743 1010 2768 canere
1049 2727 1206 2780 Aryivis

346 2796 438 2835 olim
457 2797 798 2850 proficiscentibus
825 2797 985 2842 datum;
1023 2800 1204 2848 provecta

346 2864 449 2903 enim
488 2869 665 2904 senectus
706 2866 836 2904 adhuc
875 2865 1039 2903 suadeam
1054 2895 1065 2912 ‚
1110 2878 1202 2905 oan-

348 2932 411 2971 tais
447 2933 681 2980 medullam,
731 2933 828 2972 milei
874 2933 1067 2984 adspirat.
1113 2933 1207 2973 ὅδιον

348 3004 489 3055 τέρας,
534 3002 577 3038 ut
617 3013 673 3040 vs.
706 3001 782 3044 157
813 2998 881 3042 ἀπ’
901 3003 1049 3056 ὀρνίθων
1077 3002 1202 3051 ὁδίων,

347 3069 570 3120 portentum
611 3068 712 3119 quod
752 3068 864 3110 alicui
903 3071 944 3108 in
982 3070 1042 3109 via
1079 3069 1204 3108 datur.

350 3135 523 3175 ἐκτελέων
549 3135 793 3188 participium
807 3136 956 3176 Paleius
972 3137 1104 3190 jungit
1118 3150 1205 3176 cum

350 3205 473 3259 κύριός
515 3205 596 3255 εἰμι
612 3234 626 3255 ,
681 3203 870 3257 explicans
919 3209 1048 3244 ratum
1103 3204 1208 3244 illud

348 3283 431 3309 esse
470 3272 700 3318 ostendens,
745 3271 842 3310 sicut
882 3275 985 3311 vates
1012 3273 1203 3312 interdum

350 3338 510 3393 κραίνειν
544 3337 682 3377 dicitur
708 3338 885 3378 vaticinia
913 3352 1008 3391 quae
1028 3340 1124 3380 edit.
1154 3341 1206 3379 At

348 3405 448 3457 quod
476 3406 516 3444 in
543 3407 669 3445 vatem
697 3405 880 3458 quadrat,
924 3419 1001 3446 non
1030 3407 1207 3447 convenit

280 3470 288 3478 '
347 3473 387 3512 in
415 3475 669 3513 narratorem.
708 3472 947 3514 Probabilius
967 3474 1207 3527 explicuisset

347 3554 427 3580 rem
437 3543 557 3594 plane
570 3554 784 3594 exponens,
800 3554 874 3594 quo
889 3555 1000 3583 sensu
1017 3542 1206 3583 Hesiodus

1281 1239 1372 1279 dicit
1390 1238 1501 1294 ”Εργ.
1533 1238 1638 1276 106:
1678 1239 1805 1291 ἕτερον
1846 1251 1903 1276 τοι
1945 1238 2015 1286 ἐγὼ
2044 1236 2147 1285 λόγον

1282 1311 1534 1362 ἐκκορυφώσω.
1566 1304 1641 1343 Sed
1662 1303 1841 1355 languida
1867 1307 1924 1342 est
1948 1303 2040 1341 haec
2062 1313 2145 1340 ver-

1281 1374 1420 1414 borum
1441 1371 1684 1412 constructio.
1712 1373 1886 1412 ἐκτέλεων
1908 1369 2146 1422 jungendum

1283 1455 1371 1482 cum
1409 1443 1512 1482 αἰών.
1569 1443 1660 1481 αἰὼν
1712 1440 1899 1494 σύμφυτος
1946 1439 2046 1488 (τινὶ)
2091 1438 2149 1475 est

1283 1523 1419 1549 aevum
1443 1509 1549 1562 quod
1569 1507 1715 1560 aliquis
1730 1507 1944 1558 transeqit,
1974 1505 2038 1544 hic
2053 1515 2145 1555 ergo

1281 1582 1472 1617 senectus.
1530 1575 1715 1615 Similiter
1743 1572 1950 1621 Sophocles
1979 1572 2076 1611 Oed.
2094 1571 2143 1609 R.

1285 1645 1412 1685 1082:
1445 1646 1478 1686 οἱ
1509 1645 1548 1685 δὲ
1578 1649 1764 1696 συγγενεῖς
1790 1647 1905 1694 μῆνές
1932 1658 1985 1694 με
2012 1643 2149 1696 μικρὸν

1285 1715 1347 1754 καὶ
1386 1718 1508 1764 μέγαν
1545 1712 1733 1767 διώρισαν.
1779 1714 1817 1748 et
1845 1708 1945 1750 Oed.
1973 1709 2019 1747 C.
2050 1708 2098 1750 7:
2129 1710 2149 1747 ὁ

1286 1784 1434 1836 μακρὸς
1461 1782 1572 1826 ξυνὼν
1599 1783 1730 1834 χρόνος
1758 1778 1937 1818 διδάσκει.
1997 1773 2148 1827 Quibus

1284 1847 1464 1900 exemplis
1493 1847 1689 1899 geminum
1718 1846 1791 1884 hoc
1817 1844 1949 1883 Nonni
1978 1843 2086 1888 VII,
2118 1842 2144 1882 9

1284 1915 1388 1955 addit
1416 1915 1684 1953 Hermannus:
1714 1918 1814 1965 γένος
1844 1912 1984 1967 ἀνδρῶν
2007 1915 2148 1964 ἅμμο-

1285 2000 1349 2041 ρον
1367 1984 1588 2040 εὐφροσύνης
1607 1982 1810 2022 ἐπεδείκνυε
1829 1982 2024 2036 σύντροφος
2043 1983 2144 2020 αἰών.

1285 2053 1335 2092 In
1363 2053 1538 2092 omnibus
1566 2051 1626 2089 his
1653 2048 1835 2101 exemplls
1855 2051 1971 2100 αἰὼν,
1992 2053 2145 2103 χρόνος,

1285 2127 1397 2173 μῆνες
1423 2131 1606 2172 personae
1632 2117 1754 2156 instar
1782 2123 1993 2169 ponuntur.
2040 2119 2149 2155 ἐκτε-

1286 2191 1374 2228 λέων
1414 2185 1654 2226 intransitive
1695 2184 1957 2237 accipiendum
1994 2196 2068 2237 pro
2096 2184 2153 2222 ad

1285 2257 1391 2296 vitae
1429 2259 1570 2294 metam
1607 2253 1839 2292 deveniens.-
1900 2251 1954 2291 ita
1995 2253 2144 2304 τελεῖν,

1286 2326 1465 2376 ἐκτελεῖν,
1496 2321 1688 2362 interdum
1713 2320 1794 2360 sine
1822 2333 1910 2359 casu
1935 2322 2147 2372 ponuntur,

1284 2390 1520 2444 frequentius
1549 2389 1745 2430 διατελεῖν.
1798 2388 1998 2439 Aristoph.
2027 2387 2148 2439 Vesp.

1286 2461 1418 2500 1024:

1285 2528 1405 2567 Thuo.
1418 2526 1475 2565 IV
1491 2558 1501 2572 ‚
1519 2528 1596 2568 78:
1627 2526 1748 2580 ταύτῃ
1777 2527 1848 2577 μὲν
1873 2530 1922 2581 τῇ
1950 2527 2150 2580 ἡμέρᾳ-

1287 2598 1322 2646 (ὁ
1349 2596 1548 2652 Βράσιδας)
1587 2597 1638 2640 εἰς
1674 2595 1875 2648 Φαρσαλόν
1911 2609 1956 2632 τε
1983 2595 2144 2632 ἐτέλεσε.

1285 2663 1445 2702 Lucian.
1475 2662 1601 2700 Macr.
1622 2661 1698 2699 10:
1731 2660 1934 2715 (suffitum
1954 2656 2018 2712 ἀφ’
2033 2661 2150 2699 ἵππου

1286 2733 1436 2782 λέγεται
1460 2733 1729 2783 μάχεσθαι-
1748 2731 1799 2773 εἰς
1827 2731 2053 2772 ἐννενήκοντα
2082 2743 2151 2767 τε-

1474 2460 1534 2499 οὖκ
1575 2459 1768 2498 ἐκτελέσαι
1805 2472 1914 2511 φησιν
1953 2457 2148 2511 ἐπαρθείς.

1287 2801 1354 2838 λῶν
1395 2802 1474 2844 ἔτη.
1519 2801 1637 2838 πειθὼ
1681 2795 1828 2835 dubites
1871 2797 2002 2833 utrum
2034 2794 2149 2833 intel-

1284 2865 1380 2918 ligas
1403 2866 1596 2920 fiduciam
1638 2878 1672 2903 s.
1703 2862 1822 2903 animi
1854 2862 2150 2914 persuasionem

1286 2938 1438 2986 (nempe
1466 2934 1548 2972 rata
1576 2933 1660 2972 fore
1687 2931 1876 2983 auguria),
1906 2944 2006 2983 quae
2033 2930 2151 2970 robur

1284 3001 1400 3040 addit
1440 3001 1601 3047 cantui,
1645 3013 1693 3038 an
1730 2986 1918 3045 sudalam,
1948 2997 2148 3036 facundiae

1286 3067 1479 3108 comitem.
1518 3067 1714 3107 Posterius
1747 3061 1939 3119 p'raefero.
1970 3065 2151 3116 Aeschyli

1285 3136 1354 3175 hos
1391 3147 1523 3174 versus
1553 3134 1798 3186 Hartungius
1827 3135 1958 3172 monet
1985 3131 2033 3171 ob
2057 3146 2147 3172 ocu-

1282 3201 1339 3242 los
1366 3202 1484 3242 fuisse
1512 3202 1685 3254 Euripidi
1715 3202 1755 3240 in
1789 3201 1911 3240 Herc.
1941 3200 2036 3240 Fur.
2069 3201 2170 3242 678·

1285 3283 1369 3322 sqq.
1410 3269 1476 3309 ubi
1519 3282 1651 3309 senum
1693 3267 1962 3308 Thebanorum
2006 3268 2147 3308 chorus

1284 3338 1339 3378 ita
1366 3337 1491 3377 canit:
1538 3341 1592 3379 ἔτι
1632 3354 1690 3378 τοι
1727 3343 1846 3393 γέρων
1882 3338 2003 3384 ἀοιδὸς
2037 3339 2147 3378 κελα-

1288 3408 1343 3447 δεῖ
1386 3405 1428 3457 (l.
1458 3406 1611 3447 κελαδῶ)
1650 3406 1915 3457 Μναμοσύναν·
1948 3427 1998 3434 —-
2029 3406 2150 3450 κύκνος

1288 3477 1335 3520 ὣς
1357 3479 1475 3529 γέρων
1500 3474 1621 3520 ἀοιδὸς
1648 3475 1782 3514 πολιᾶν
1812 3477 1852 3514 ἐκ
1878 3475 2009 3526 γενύων
2035 3474 2149 3514 κελα-

1292 3543 1403 3589 δήσω.
