2340 3958
306 212 372 259 36
1046 222 1389 268 ΑΙΣΧΥΛΟΥ

866 378 987 444 πόθῳ
1026 377 1064 430 δ’
1105 380 1421 446 ὑπερποντίας

719 486 910 552 φάσμα
948 486 1068 550 δόξει
1109 488 1262 553 δόμων
1305 489 1550 545 οένασσειν.

308 605 411 655 375

2049 514 2127 554 415

861 599 1113 667 εὐμόρφων
1152 599 1199 652 δὲ
1239 605 1436 654 νεοσσῶν

861 708 1060 776 ἔχθεται
1099 709 1246 777 χάρις
1286 711 1414 778 οένδρὶ
1438 755 1452 773 ‚

570 819 804 884 ὀμμάτων
843 819 887 872 ‘r'
926 821 974 872 ἕν
1012 820 1243 886 οξχνινίαις
1282 818 1395 887 ἔρρει
1435 820 1557 873 ‘frio-⁹
1603 821 1886 890 Ἀφροδίτα.

787 929 1102 999 ὀνειρόφαντοι
1141 930 1189 982 δὲ
1228 931 1478 995 πενθήμονι

641 1039 828 1105 πάρεισι
868 1038 999 1102 δόξαι
1038 1040 1266 1107 φέρουσαι
1305 1039 1453 1106 χάριν
1485 1042 1735 1106 ματαίαν·

311 1152 414 1201 380

1955 956 2039 993 ἀντ.
2070 951 2127 1005 β’.

2047 1061 2125 1099 421

682 1149 851 1214 μάταν
892 1151 1021 1217 γαρ,
1062 1147 1160 1203 εὖτ’
1199 1149 1260 1204 ἂν
1298 1150 1449 1204 ἐσθλά
1486 1171 1560 1210 τις
1594 1152 1704 1218 δοκῇ
1737 1150 1916 1218 ’νοροῖν,

863 1259 1241 1327 παραλλάξασα
1279 1260 1358 1313 δια
1395 1264 1552 1327 χερῶν

791 1370 1011 1433 βέβακεν
1049 1367 1158 1436 ὄψις
1199 1371 1250 1423 οὐ
1292 1369 1580 1436 μεθύστερον

2050 1389 2130 1429 425

796 1484 983 1545 πτεροῖς
1022 1478 1216 1537 ὀπαδοῖς
1257 1477 1402 1532 ὕπνου
1441 1478 1687 1532 κελεύθων.

759 1589 827 1641 τα
866 1588 954 1650 μὲν
991 1592 1105 1643 κατ’
1143 1587 1292 1649 οἴκους
1332 1588 1584 1658 ἐφεστίους
1622 1588 1745 1656 ἄχη.

758 1699 825 1751 τα
864 1699 903 1751 δ’
941 1700 1043 1753 ἐστὶ
1082 1699 1164 1753 καὶ
1205 1699 1339 1753 τῶνδ’
1379 1699 1760 1766 ὑπερβατώτερα
1777 1717 1787 1727 ·

720 1808 878 1860 τόπων
914 1807 1009 1877 αφ’
1043 1807 1287 1868 Ἕλλανος
1327 1807 1440 1869 αἴας
1479 1808 1769 1875 συνορμένοις

871 1918 1062 1972 πένθεια
1099 1918 1390 1986 τηξικοέρδιος

317 2070 369 2110 V.
399 2069 495 2112 375.
524 2072 718 2126 εὐμόρφων
743 2072 783 2112 δὲ
809 2074 900 2128 (γὰρ
923 2072 1059 2118 Fam.)
1085 2074 1282 2112 κολοσσῶν.
1339 2070 1434 2114 377.
1459 2075 1648 2124 ὀμμάτων
1674 2069 1722 2111 δ’.

2056 1939 2137 1978 430

1782 2069 1877 2112 378.
1896 2074 2136 2122 πενθήμονες.

370 2143 465 2182 380.
495 2143 604 2183 δοκῶν
619 2145 726 2199 ὁρᾶν.
771 2145 865 2182 383.
883 2145 993 2186 ὕπνου
1010 2145 1203 2190 κελεύθοις.
1250 2144 1345 2183 384.
1367 2144 1463 2183 385.
1485 2143 1570 2185 κατ’
1596 2146 1711 2190 οἴκους
1729 2140 1785 2197 ἐφ’
1795 2143 1925 2189 ἑστίας
1950 2147 2034 2195 ἄχη
2051 2142 2140 2184 τάδ’

375 2218 468 2258 ἐστὶ.
515 2217 608 2257 386.
632 2220 676 2258 τὸ
703 2224 781 2258 πᾶν
805 2214 837 2258 δ’
852 2214 1103 2272 ἀφ’(Ελλάδος
1121 2219 1223 2263 αἴας.
1268 2216 1360 2259 387.
1378 2220 1483 2259 πένθ.
1503 2216 1764 2271 τλησικάρδιος
1782 2217 1868 2270 δόμ.
1888 2218 2049 2258 ἑκάστου
2065 2232 2135 2273 πρ.

376 2335 472 2378 374.
501 2340 664 2390 φάσμα,
706 2335 748 2374 h.
773 2347 808 2374 e.
847 2339 896 2383 ὡς
924 2341 1082 2390 φάσμα,
1115 2348 1182 2387 np-

321 2403 539 2444 Menelaus.
585 2403 648 2442 Sic
675 2402 716 2442 in
744 2402 943 2456 Sophoclis
973 2403 1071 2443 Oed.
1101 2402 1183 2442 Col.

1319 2335 1414 2375 384.
1467 2338 1586 2381 οἴκους
1636 2336 1825 2388 ἐφεστίους
1889 2333 2139 2372 Hermannus

1264 2403 1545 2455 interpretatur
1586 2402 1740 2442 domum
1778 2415 1878 2455 quae
1911 2400 1975 2440 cui
1998 2412 2072 2439 sua
2100 2403 2139 2438 et

322 2471 403 2509 110
440 2470 582 2510 dicitur
621 2471 776 2512 οἰδὶπου
811 2470 892 2513 τόδ’
922 2473 1048 2512 ἄθλιον
1075 2470 1187 2511 εἴδω-
1258 2470 1423 2523 propria
1451 2474 1534 2515 θεὴ·
1576 2470 1672 2509 haee
1713 2482 1805 2510 vero
1843 2466 2069 2522 significatio
2096 2466 2138 2505 in

320 2542 392 2579 λον.
451 2537 563 2590 Quae
610 2541 824 2590 sequuntur
867 2541 1062 2594 εὐμόρφων
1102 2539 1180 2579 κτὲ.

322 2605 486 2658 explicui
512 2606 553 2645 in
582 2607 802 2646 Comment.

378 2673 473 2717 377.
503 2677 691 2727 ὀμμάτων
724 2672 773 2716 τ’.
833 2675 965 2727 Junge
998 2678 1188 2728 ὀμμάτων

326 2745 450 2797 ἔρρει,
497 2755 574 2781 non
611 2746 648 2783 ἐν
674 2745 850 2796 ἀχηνίαις
890 2747 1091 2796 ὀμμάτων.
1138 2743 1191 2782 In

324 2810 483 2848 miseria
503 2811 698 2850 evanescit
712 2824 761 2850 eat
775 2811 899 2851 oculis
921 2812 1074 2859 Venus,
1102 2811 1141 2850 h.
1156 2822 1188 2849 e.

326 2887 435 2916 amor
475 2879 514 2916 et
543 2878 752 2930 gaudium,
793 2891 890 2931 quae
931 2877 1125 2931 pellucent
1151 2877 1192 2917 in

327 2943 458 2983 oculis.
515 2945 622 2984 Haec
661 2959 779 2997 aeque
805 2959 850 2986 ae
877 2946 1071 2998 sequentia
1098 2946 1192 2986 item

327 3010 375 3049 ad
426 3011 646 3053 Menelaum
705 3016 906 3066 spectant3
963 3014 1193 3067 interpretes

326 3090 529 3130 perperam
582 3081 628 3119 de
675 3080 827 3121 Helena
868 3081 942 3121 diei
993 3083 1192 3134 putarunt.

326 3147 466 3198 ἀχηνία
479 3177 491 3199 ,
515 3146 557 3185 h.
569 3159 602 3186 e.
620 3151 764 3204 ἀπορία
776 3181 787 3200 ,
804 3148 928 3188 rarius
943 3147 1168 3188 vocabulum
1181 3178 1191 3195 ‚

324 3211 467 3252 iterum
494 3212 635 3267 legitur
662 3216 702 3255 in
726 3216 903 3268 Choe'ph.
931 3230 989 3256 vs.
1015 3216 1111 3256 301.
1141 3216 1191 3255 cf.

327 3278 471 3320 Blomf.
499 3284 538 3320 et
563 3282 702 3322 Herm.
727 3284 773 3322 ad
799 3284 839 3323 h.
855 3283 883 3323 1.
912 3289 1030 3338 ἀχὴν,
1056 3284 1191 3336 inops,

329 3350 387 3387 est
413 3348 514 3400 apud
541 3349 702 3389 Theocr.
733 3351 795 3389 Id.
826 3351 951 3397 XVI,
982 3353 1051 3391 32.

385 3415 480 3455 383.
510 3423 664 3473 πτεροῖς
691 3419 844 3464 ὀπαδοῖς
871 3419 980 3459 ὕπνου
1004 3418 1192 3469 κελεύθων,

332 3481 490 3523 navolat
517 3485 594 3523 alis
617 3485 740 3524 somni
766 3485 915 3524 viarum
940 3486 1192 3538 sequacibus,

330 3551 408 3591 sive
443 3552 567 3591 somni
593 3551 739 3604 fuqam
777 3552 1063 3605 sequentibus”,
1095 3565 1195 3607 pro:

333 3632 407 3659 una
435 3632 522 3659 cum
550 3619 849 3661 somnofvavolat.

1266 2539 1370 2577 hunc
1415 2539 1518 2577 certe
1560 2536 1688 2576 locum
1729 2550 1808 2576 non
1847 2535 2030 2588 quadrat,
2073 2532 2141 2573 ubi

1267 2605 1312 2645 de
1355 2605 1435 2645 sola
1491 2603 1791 2656 Agamemnonis
1842 2603 1955 2643 domo
1996 2601 2141 2654 agitur.

1269 2674 1337 2713 Est
1363 2672 1515 2730 potius,
1541 2672 1643 2724 quod
1667 2670 1782 2711 verba
1797 2670 1988 2717 indicant,
2005 2670 2141 2708 domus

1270 2741 1463 2788 interior,
1508 2739 1575 2779 ubi
1616 2741 1698 2778 erat
1725 2740 1863 2785 ἑστία;
1906 2737 1949 2777 in
1975 2737 2075 2776 hanc
2102 2749 2142 2775 se

1272 2807 1507 2862 recipiebant
1532 2806 1719 2861 lugentes.
1774 2805 1920 2845 Eadem
1946 2804 2140 2856 interpre-

1271 2877 1367 2917 tatio
1409 2875 1587 2916 convenit
1624 2873 1666 2914 in
1705 2886 1764 2914 vs.
1806 2873 1885 2912 851
1928 2870 1994 2911 ubi
2035 2872 2139 2923 Aga-

1272 2957 1460 2983 memnon
1491 2942 1562 2982 diis
1591 2941 1734 2995 gratias
1763 2942 1918 2980 aeturus
1946 2938 2056 2978 dicit:
2086 2942 2144 2979 νῦν

1272 3010 1305 3053 δ’
1326 3015 1362 3058 ἐς
1389 3013 1570 3067 μέλαθρά
1608 3012 1671 3052 καὶ
1702 3010 1836 3062 δόμους
1864 3007 2051 3062 ἐφεστίους
2079 3008 2143 3046 ἐλ-

1274 3083 1346 3120 θὼν
1372 3080 1451 3120 κτὲ.
1485 3087 1523 3118 et
1547 3077 1588 3116 in
1614 3078 1724 3129 Sept.
1753 3088 1788 3114 c.
1805 3075 1878 3113 Th.
1906 3087 1965 3114 vs.
1981 3074 2059 3116 73:
2086 3079 2142 3125 μή

1273 3163 1341 3200 μοι
1368 3148 1474 3187 πόλιν
1501 3162 1546 3197 γε
1580 3147 1789 3200 πρυμνόθεν
1820 3174 1828 3181 .
1847 3172 1857 3180 .
1877 3173 1887 3181 .

1273 3230 1318 3256 τε
1347 3246 1356 3253 .
1375 3245 1384 3253 .
1403 3245 1413 3253 .
1456 3217 1519 3254 καὶ
1549 3213 1683 3265 ’δόμους
1713 3212 1925 3266 ἐφεστίους,
1969 3207 2035 3247 ubi
2071 3208 2144 3248 hoc

1273 3281 1490 3334 praedicato
1543 3292 1630 3319 arae
1673 3281 1712 3317 et
1748 3278 1823 3318 foci
1864 3276 2144 3330 significantur.

1273 3349 1490 3399 Hucusque
1533 3354 1733 3402 προφητῶν
1772 3343 1909 3391 verba3
1967 3342 2145 3395 deinceps

1275 3416 1428 3455 Chorus
1471 3414 1548 3454 suis
1590 3413 1715 3453 verbis
1754 3410 1972 3453 eommunia
2012 3408 2145 3463 populi

1274 3482 1374 3524 mala
1406 3483 1693 3522 commemorat.

1331 3550 1432 3593 387.
1476 3552 1627 3590 πένθειοι
1654 3553 1820 3605 πρέπει,
1851 3548 1893 3586 ut
1908 3559 1964 3587 vs.
1980 3545 2052 3584 321
2071 3548 2143 3597 βοὴ

1275 3622 1426 3673 πρέπει.
1450 3620 1608 3658 Πένθεια
1621 3616 1726 3668 quasi
1740 3627 1903 3669 persona
1913 3625 1983 3666 pro
1999 3614 2144 3656 πένθος.

1917 3142 2146 3194 ἐκθαμνίση-
