2340 3958
165 1139 170 1144 ·
245 1121 348 1169 855

909 178 1377 233 ΑΓΑΜΕΜΝΩΝ.
1990 176 2019 222 6
2030 174 2055 222 7

427 358 534 403 ΚΛ.
576 349 598 401 ὂ
630 347 669 399 δ’
706 345 973 415 ἀφθόνητός
1012 348 1065 409 γ’
1103 346 1185 398 οὐκ
1223 343 1444 410 ἐπίζηλος
1483 340 1634 394 πέλει.

427 468 530 513 ΑΓ,
569 457 692 511 οὔτοι
730 455 955 520 γυναικός
994 457 1123 508 ἐστιν
1161 453 1353 519 ἱμείρειν
1390 450 1580 517 μάχης.

245 573 349 623 850

1971 466 2050 505 940

427 577 535 623 ΚΛ.
576 574 674 627 τοῖς
706 567 745 619 δ’
782 566 961 630 ὀλβίοις
1000 585 1063 628 γε
1101 564 1183 617 καὶ
1223 564 1278 616 τὸ
1317 563 1534 616 νικᾶσθαι
1574 560 1755 627 πρέπει.

429 687 530 732 ΑΓ.
572 675 602 739 ἧ
638 676 797 743 κάρτα
836 675 963 736 νίκην
1001 674 1141 736 τῆςδε
1179 675 1327 740 δήριος
1365 672 1495 731 τίεις.

427 795 534 842 ΚΛ.
575 788 737 847 πιθοῦ,
777 786 948 853 κροέτος
986 786 1146 850 μέντοι
1186 783 1356 850 παρεὶς
1390 786 1442 846 γ’
1482 782 1595 835 ἑκὼν
1635 779 1756 845 ε’μοί.

429 906 530 950 ΑΓ.
571 896 690 951 ἀλλ’
731 899 770 950 εἶ
810 897 939 950 δοκεῖ
971 917 1042 950 σοι
1081 894 1234 959 nsaw?
1277 894 1400 948 ὑπαί
1436 914 1509 952 τις
1547 891 1773 958 ἀρβύλας

575 1007 678 1061 λύοι
717 1007 906 1074 ταχος,
948 1006 1198 1072 πρόδουλον
1236 1001 1449 1070 ἔμβασιν
1489 1003 1640 1061 ποδός.

1981 1014 2059 1053 945

576 1117 658 1170 καὶ
696 1117 846 1175 τοῖςδέ
879 1115 934 1181 μ’
973 1115 1244 1180 ἐμβαίνονθ’
1283 1113 1567 1178 οὶλουργέσιν
1606 1112 1714 1164 θεῶν

577 1228 648 1292 μή
689 1249 762 1287 τις
802 1227 1033 1293 πρόσωθεν
1071 1226 1214 1292 ὄμμα
1251 1224 1513 1291 προςβοὲλοι
1551 1221 1736 1291 φθόνος,

582 1341 742 1400 πολλὴ
782 1339 880 1406 γαρ
920 1340 1057 1398 αἰδὼς
1097 1337 1478 1406 δωματοφθορεῖν
1517 1334 1654 1388 ποσὶν

581 1449 844 1515 στείβοντα
882 1454 1089 1502 πλοῦτον
1126 1447 1481 1516 ἀργυρωνήτους
1515 1443 1551 1498 θ’
1591 1443 1737 1512 ὑφάς.

579 1561 754 1625 τούμὸν
793 1562 881 1621 μὲν
919 1559 1064 1615 οὕτω·
1110 1562 1196 1622 τὴν
1234 1560 1368 1623 ξένην
1407 1559 1455 1611 δὲ
1494 1559 1766 1624 πρευμενῶς

250 1673 354 1723 860
406 1743 409 1746 .

1981 1570 2061 1609 950

581 1669 708 1732 τήνδ’
747 1671 986 1738 ἕςκόμιζε·
1026 1672 1106 1725 τὸν
1143 1676 1416 1738 κρατοῦντος
1453 1671 1719 1734 μαλθακῶς

579 1781 678 1839 θεὸς
717 1781 948 1847 πρόσωθεν
987 1783 1194 1846 εὐμενῶς
1233 1781 1579 1848 προςδέρκεται.

581 1891 693 1944 ἑκὼν
730 1891 829 1958 γοίρ
867 1892 1016 1952 οὐδεὶς
1055 1892 1220 1959 δουλίῳ
1256 1898 1440 1958 χρῆται
1480 1890 1625 1956 ζυγῷ.

582 1999 706 2063 αὕτη
746 2002 793 2054 δὲ
832 2007 1023 2056 πολλῶν
1061 2001 1331 2069 χρημάτων
1369 1999 1606 2067 ἐξαίρετον

247 2170 297 2210 V·
326 2170 420 2210 851·
461 2171 484 2217 ἦ
514 2174 576 2212 καὶ
605 2173 648 2212 σὺ
673 2173 770 2219 νίκην
797 2173 904 2219 τήνδε
934 2173 1071 2230 δήριος.
1131 2173 1224 2212 852,
1264 2177 1386 2228 πάρες
1413 2170 1447 2223 γ’
1478 2172 1580 2211 ἑκὼν.
1641 2169 1729 2207 855.
1766 2167 1827 2207 σὺν
1845 2166 1976 2213 ταίςδέ
1999 2160 2057 2216 μ’.

302 2243 398 2283 856.
437 2243 612 2295 ὄμματος
653 2247 766 2299 βάλοι
809 2250 949 2300 φθόνος.

301 2316 396 2355 859.
425 2318 562 2358 τούτων
589 2321 659 2370 μὲν
687 2319 792 2359 οὕτω.

303 2440 395 2479 854.
427 2442 628 2496 πρόδουλον
657 2445 822 2496 ἔμβασιν
849 2443 975 2489 ποδός.
1024 2442 1112 2481 Sin-

246 2506 379 2558 gulare
409 2512 574 2563 ἕμβασις
611 2514 719 2548 notat
758 2510 855 2548 idem
896 2510 996 2562 quod
1025 2510 1112 2563 plu-

246 2573 328 2614 rale
355 2577 539 2630 ἐμβάδες.
598 2577 801 2635 πρόδουλος
842 2579 980 2630 ποδός,
1018 2579 1115 2631 pedi

246 2642 506 2684 ministerium
551 2651 759 2698 praestans
790 2645 855 2702 *vel
873 2647 1028 2699 famuli
1054 2647 1112 2686 vi-

246 2724 324 2750 cem
347 2724 511 2764 perenn
558 2712 659 2753 sicut
697 2717 934 2771 πρόβουλος,
977 2717 1115 2772 πρόδι-

245 2796 327 2831 κος,
372 2779 578 2836 πρόξενος,
633 2783 699 2834 qui
753 2783 952 2822 consilium
968 2814 979 2831 ,
1018 2784 1108 2835 jus,

244 2847 452 2900 hospitium
507 2848 620 2889 alicui
661 2852 855 2902 praestat,
914 2850 998 2897 vel,
1041 2850 1110 2902 qui

246 2913 472 2964 consiliarii,
496 2916 662 2968 judicis,
690 2917 854 2970 hospitis
882 2931 1022 2958 munus
1041 2931 1107 2971 ge-

246 2981 324 3023 rit:
366 2985 532 3036 utroque
575 2998 688 3025 sensu
717 3000 793 3042 προ
819 2985 860 3025 in
889 2986 1108 3039 compositis

247 3049 414 3100 ponitur.
458 3051 565 3104 Quos
591 3052 664 3092 hoc
689 3051 835 3093 dictum
850 3053 1027 3100 offendit,
1046 3066 1109 3094 eos

248 3114 370 3156 multo
393 3118 516 3171 magis
541 3119 730 3160 offendere
752 3119 912 3160 debebat
925 3121 1026 3172 quod
1040 3134 1105 3161 su-

249 3194 321 3234 pra
342 3181 503 3236 legimus
528 3199 588 3228 vs.
615 3188 716 3228 495:
741 3193 847 3235 κάσις
861 3191 978 3236 πήλου
993 3190 1108 3236 ξὺνω-

250 3266 337 3304 ρος,
369 3251 472 3304 διψία
496 3258 600 3301 κόνις.
648 3256 879 3308 Appositum
907 3257 980 3296 hoe
1007 3258 1109 3310 quod

251 3317 496 3359 Hermannus
521 3323 669 3363 confert
696 3336 718 3362 e
742 3323 877 3364 Prom.
903 3324 1027 3365 soluto
1055 3326 1108 3366 fr.

251 3382 353 3428 205,
395 3384 460 3424 ubi
499 3389 618 3431 ἵππων
658 3390 742 3432 ὄνων
780 3392 816 3434 τ’
848 3396 959 3446 ὀχεῖα
998 3394 1109 3433 vocat

250 3451 444 3493 ἀντίδουλα
473 3457 535 3496 καὶ
559 3462 677 3499 πόνων
714 3449 931 3517 ἐκδέκτορα.
994 3461 1106 3500 Cete-

249 3530 337 3557 rum
377 3520 476 3571 quod
516 3523 654 3577 caligas
693 3525 766 3566 sibi
808 3528 958 3567 detrahi
996 3527 1108 3578 jubet

249 3598 326 3625 non
354 3586 445 3627 facit
481 3587 671 3643 religionis
709 3606 861 3643 caussa,
892 3598 936 3636 ut
963 3595 1106 3638 Blomf.

1019 2246 1115 2290 857-
1160 2249 1477 2302 σωματοφθορεῐν.
1538 2244 1633 2283 858.
1664 2243 1862 2299 φθείροντα
1889 2241 2059 2280 πλοῦτον.

1193 2443 1327 2494 putat,
1371 2454 1445 2492 quo
1478 2439 1661 2479 Nemesin
1703 2451 1725 2477 a
1763 2450 1803 2478 se
1843 2435 2057 2481 averteret,

1192 2509 1257 2548 sed
1285 2522 1334 2548 ne
1365 2508 1501 2548 crassis
1543 2511 1581 2547 et
1619 2492 1779 2547 sordidis
1807 2503 1941 2544 calceis
1968 2515 2058 2555 pre-

1190 2578 1307 2617 tiosos
1335 2579 1482 2630 tapetes
1497 2574 1790 2614 contaminaret.
1821 2572 1927 2612 Hinc
1941 2571 2058 2610 etiam

1191 2658 1274 2685 mos
1316 2645 1363 2684 ad
1402 2643 1618 2684 convivium
1657 2641 1886 2682 accubituris
1916 2638 2060 2679 calceos

1191 2713 1390 2761 demendi,
1422 2725 1538 2764 quem
1567 2711 1718 2764 copiose
1743 2709 1912 2749 illustrat
1938 2708 2057 2746 Gata-

1190 2781 1329 2829 kerus,
1361 2781 1460 2820 Adv.
1486 2780 1604 2819 Misc.
1635 2779 1703 2826 11,
1733 2778 1862 2825 c.19,
1894 2791 1934 2830 p.
1951 2776 2056 2823 376,

1190 2849 1305 2900 hujus
1334 2849 1449 2888 etiam
1476 2847 1551 2887 loci
1573 2860 1651 2887 non
1678 2847 1896 2887 immemor.

1247 2917 1342 2960 857.
1373 2917 1698 2972 δωματοφθορεῖν,
1724 2928 1805 2954 rem.
1806 2913 2057 2968 familiarem

1189 2984 1437 3036 dilapidare,
1467 2984 1646 3023 calcando
1669 2995 1809 3035 nempe
1834 2983 1956 3021 vestes
1980 2985 2057 3037 ἀρ-

1190 3059 1434 3109 γυρωνήτους.
1495 3050 1621 3091 Simili
1673 3063 1786 3090 sensu
1833 3052 2059 3106 οἰκοφθορεῖν

1189 3125 1246 3160 est
1273 3121 1375 3173 apud
1403 3120 1648 3160 Herodotum
1673 3122 1713 3159 et
1739 3117 1954 3172 Platonem.
1995 3117 2056 3157 Ad

1189 3188 1262 3228 hoc
1291 3187 1436 3227 dictum
1465 3190 1639 3241 spectant
1666 3186 1781 3228 verba
1810 3186 2056 3238 Clytaemne-

1189 3259 1290 3296 strae
1317 3269 1376 3295 vs.
1405 3255 1482 3295 961
1498 3286 1510 3302 ,
1541 3258 1583 3296 ut
1610 3255 1882 3296 animadvertit
1909 3254 2055 3294 Blomf.

1245 3324 1340 3363 859.
1369 3326 1506 3377 τούμὸν
1532 3327 1603 3378 μὲν
1630 3325 1756 3371 οὕτως.
1807 3323 1963 3363 Dictum
1984 3323 2058 3362 hoe

1188 3394 1282 3444 puta
1322 3392 1442 3432 servis
1478 3394 1544 3445 qui
1573 3393 1730 3433 interim
1758 3390 1898 3444 caligas
1927 3390 1961 3430 ei
1989 3391 2055 3430 de-

1187 3461 1413 3499 traxerunt:
1469 3462 1576 3514 quod
1625 3461 1682 3501 ad
1719 3474 1780 3500 me
1822 3463 1905 3511 (np.
1943 3460 2054 3506 τάςδε

1188 3531 1258 3574 τὰς
1286 3529 1472 3585 ἀρβύλας)
1502 3529 1668 3577 attinet,
1707 3529 1802 3569 bene
1829 3532 1910 3575 est,
1941 3528 2050 3580 suffi-

1187 3595 1257 3636 cit.
1840 3595 1843 3599 ’
