2340 3958
262 175 292 221 8
993 172 1343 217 ΑΙΣΧΥΛΟΥ

418 335 485 387 τα
524 334 762 387 δεσποτῶν
799 331 896 397 γαρ
935 328 987 382 εὖ
1024 328 1239 382 πεσόντα
1277 331 1507 395 θήσομαι,

411 444 510 512 τρὶς
551 441 605 505 ἓξ
644 441 896 508 βαλούσης
935 439 1073 501 τῆςδέ
1111 458 1190 502 μοι
1228 439 1546 508 φρυκτωρίας.

413 554 593 616 γένοιτο
633 553 676 604 δ’
704 549 779 604 οὖν
819 549 1047 615 μολόντος
1088 552 1267 618 εὐφιλῆ
1305 551 1434 616 χέρα

411 660 619 721 ἄνακτος
658 661 789 715 οἴκων
812 660 941 727 τῇδε
978 659 1238 724 βαστάσαι
1276 660 1402 727 χερί.
2031 673 2082 711 35

267 777 333 825 35
411 774 478 827 τα
518 774 557 825 δ’
596 771 734 826 ἄλλα
773 775 920 835 σιγῶ·
960 770 1078 834 βοῦς
1117 770 1195 823 ἐπὶ
1235 771 1435 838 γλώσσῃ
1472 770 1637 834 μέγας

413 882 640 946 βέβηκεν·
679 878 799 941 οἶκος
838 881 876 933 δ’
915 880 1089 942 αὐτὸς,
1131 881 1170 933 εἶ
1209 881 1433 947 φθογγὴν
1469 879 1647 945 λάβοι,

425 993 706 1060 σαφέστατ’
744 991 805 1045 ἂν
842 990 1036 1054 λέξειεν·
1075 995 1135 1051 ὡς
1174 992 1288 1044 ἑκὼν
1325 992 1421 1054 ἐγὼ

413 1102 644 1166 μαθοῦσιν
683 1101 808 1154 αὐδῶ
847 1102 928 1153 κού
967 1102 1172 1165 μαθοῦσι
1211 1099 1431 1164 λήθομαι.

267 1281 319 1322 V.
349 1281 417 1321 31.
447 1281 557 1321 Fort.
587 1280 662 1333 leg.
694 1280 735 1322 εὖ
758 1279 907 1322 πεσόντ’
932 1285 1166 1338 ἀθρήσομαι.

268 1449 354 1502 prio
382 1448 599 1502 significatu
628 1449 810 1502 positum.
840 1450 903 1488 Sic
930 1449 971 1489 in
999 1449 1136 1501 Eurip.

268 1518 417 1557 Phoen.
434 1517 511 1559 797
546 1518 656 1556 Mars
684 1510 823 1556 dicitur
851 1523 984 1573 Θήβας
1013 1525 1139 1570 κῶμον

269 1585 526 1642 προχορεύειν.
589 1584 638 1623 Et
679 1584 752 1623 hoe
793 1597 906 1624 sensu
948 1583 1138 1624 Pindarus

268 1652 389 1704 Pyth.
406 1651 428 1690 I
441 1683 452 1699 ,
483 1665 544 1704 pr.
561 1651 653 1691 dicit
678 1655 916 1708 ἁγησιχόρων
930 1657 1140 1710 προοιμίων

268 1723 459 1774 ἀμβολάς.

324 1789 391 1827 31.
423 1793 474 1829 τὰ
498 1789 687 1829 δεσποτῶν
708 1792 785 1844 γὰρ
815 1789 892 1828 κτὲ.
926 1786 1076 1836 Verba,
1108 1787 1140 1827 si

270 1868 361 1894 sana
389 1861 499 1903 sunt,
544 1856 647 1895 hune
678 1855 823 1895 habent
851 1868 1032 1895 sensum:
1062 1855 1139 1895 Res

270 1923 513 1963 dominorum
540 1924 634 1962 bene
648 1923 819 1962 evenisse
832 1923 1015 1976 faciam,
1045 1923 1087 1963 h.
1104 1935 1138 1963 e.

273 1991 436 2031 dominis
461 1990 582 2030 bonae
599 1992 775 2030 fortunae
803 1994 936 2030 auctor
953 2003 1033 2030 ero.
1063 1991 1138 2030 Le-

271 2059 360 2111 pide
387 2061 582 2098 auctorem
612 2071 652 2098 se
681 2059 773 2098 dicit-
801 2071 966 2111 quorum
981 2059 1140 2098 nuntius

269 2128 420 2166 tantum
451 2128 521 2166 est.

329 2198 413 2251 τρὶς
452 2196 494 2241 ἒξ
522 2195 711 2249 βαλούσης
737 2195 852 2241 τῆςδέ
873 2210 941 2247 μοι
969 2211 1141 2251 φρυκτω-

272 2267 360 2319 ρίας
398 2264 520 2300 audax
550 2275 640 2301 sane
669 2265 726 2301 est
762 2262 966 2312 junctura,
1011 2265 1054 2301 ut
1081 2261 1138 2301 vi-

272 2343 358 2370 sum
387 2329 705 2383 Hemsterhusi03
735 2330 799 2369 sed
827 2328 914 2368 talis
938 2329 1092 2368 audacia
1119 2342 1141 2368 a

272 2397 423 2452 vulgari
444 2397 630 2437 sermonis
658 2397 929 2437 consuetudine
942 2411 1021 2436 non
1048 2397 1138 2436 alie-

271 2480 321 2506 na
363 2467 435 2505 est.
491 2468 577 2522 τρὶς
619 2467 662 2512 ἓξ
694 2464 735 2503 in
776 2467 1008 2505 tesserarum
1050 2463 1141 2504 ludo

273 2533 512 2573 felicissimus
532 2535 683 2584 jactus,
714 2533 780 2585 qui
798 2533 898 2572 idem
915 2531 1138 2592 Ἀφροδίτη,

273 2605 407 2641 contra
441 2608 546 2658 τρεῖς
576 2603 682 2656 κύβοι
712 2606 807 2651 (tres
833 2602 1012 2650 uniones)
1041 2603 1140 2641 infe-

272 2669 495 2716 licissimus,
528 2670 594 2721 qui
623 2671 714 2710 κύων
749 2669 894 2708 dictus:
925 2670 1025 2708 unde
1049 2682 1140 2722 pro-

274 2736 450 2777 verbium
492 2740 516 2784 ἢ
558 2741 641 2792 τρὶς
684 2740 725 2784 ἕξ
758 2741 780 2784 ἦ
810 2744 915 2793 τρεῖς
944 2739 1076 2792 κύβοι,
1121 2751 1142 2777 e

274 2804 416 2843 veteris
444 2805 659 2843 comoediae
687 2809 800 2857 poeta
815 2805 1045 2844 Pherecrate
1059 2817 1140 2844 me·-

276 2874 469 2911 moratum
498 2872 597 2924 apud
626 2871 768 2911 Zenob.
799 2872 915 2912 Prov.
948 2873 1030 2920 IV,
1062 2874 1141 2923 23,

277 2943 316 2980 et
357 2939 487 2979 Schol.
515 2938 617 2978 Plat.
647 2939 770 2979 Bekk.
799 2953 839 2992 p.
863 2941 959 2980 460.
990 2940 1040 2979 cf.
1058 2940 1140 2979 He-

278 3007 430 3058 sychius
459 3020 544 3045 s.v.
574 3009 658 3062 τρὶς
687 3008 742 3052 ἕξ.
800 3007 988 3046 Nostrum
1017 3006 1142 3046 locum

279 3075 399 3114 citant
427 3073 588 3112 Photius
617 3081 654 3112 et
679 3073 813 3113 Suidas
842 3087 872 3113 s.
904 3089 941 3114 v.
970 3078 1056 3132 τρὶς
1085 3077 1140 3122 ἕξ.

278 3141 507 3182 Doctissime
550 3140 596 3179 de
618 3141 696 3188 ,hoc
737 3141 825 3181 ludo
853 3142 1030 3182 disseruit
1058 3143 1140 3181 Sal-

279 3223 376 3250 mas,
404 3209 452 3248 ad
466 3208 622 3260 Vopisc.
638 3222 678 3260 p.
695 3209 773 3251 741
804 3222 886 3261 sqq.
917 3211 979 3248 Cf.
997 3211 1038 3248 M
1048 3210 1144 3249 [iller

279 3277 320 3316 in
363 3273 638 3326 Real-Encycl.
667 3274 704 3313 d.
721 3274 829 3314 class.
858 3275 1027 3316 Alterth.
1056 3290 1087 3317 s.
1104 3291 1144 3317 v.

281 3346 385 3384 alea.
413 3366 469 3372 ——
511 3342 572 3381 Ab
600 3342 730 3381 eodem
759 3342 847 3381 ludo
877 3346 1045 3383 sumtum
1088 3346 1145 3384 est

281 3412 382 3464 quod
423 3411 534 3451 modo
575 3409 670 3448 dixit
710 3413 760 3450 τὰ
791 3411 977 3452 δεσποτῶν
1005 3413 1045 3453 εὖ
1073 3428 1143 3453 πε-

283 3486 410 3521 σόντα.
455 3477 685 3531 Appositum
712 3478 785 3516 hoc
812 3478 1006 3530 Euripidis
1036 3481 1144 3520 Med.

286 3550 362 3587 54:
405 3553 606 3602 χρηστοῖσι
633 3546 768 3591 δούλοις
797 3547 975 3601 ξυμφορὰ
1003 3552 1054 3587 τὰ
1085 3548 1142 3588 δε-

1222 1455 1366 1488 σποτῶν
1392 1454 1513 1493 κακῶς
1542 1450 1719 1487 πεσόντα.
1740 1446 1791 1485 cf.
1807 1445 1927 1498 ejtisd.
1942 1445 2086 1488 Electr-

1221 1515 1343 1554 1101.

1277 1583 1344 1622 35.
1387 1587 1440 1624 τὰ
1470 1579 1501 1621 δ’
1521 1583 1618 1623 ἄλλα
1650 1589 1743 1633 σιγῶ
1771 1583 1848 1622 κτὲ.
1897 1580 2000 1621 Scite
2026 1581 2089 1622 his

1220 1649 1370 1690 candidi
1410 1648 1545 1688 famuli
1571 1647 1698 1688 verbis
1733 1652 1848 1701 poeta
1870 1648 1953 1700 jam
1979 1648 2090 1688 initio

1218 1717 1370 1758 fabulae
1394 1730 1531 1756 arcana
1567 1717 1700 1756 domus
1724 1715 1968 1768 aliquatenus
1996 1729 2086 1769 ape-

1219 1785 1296 1833 rit,
1339 1798 1478 1838 nempe
1505 1784 1682 1824 illicitum
1710 1784 1866 1836 reginae
1890 1796 2086 1831 amorem;

1219 1867 1310 1894 nam
1353 1854 1400 1892 de
1431 1852 1579 1893 insidiis
1618 1851 1718 1892 nihil
1757 1851 1822 1891 ille
1848 1852 2088 1905 suspicatur,

1219 1935 1291 1962 nec
1322 1920 1510 1973 suspicari
1537 1922 1704 1973 poterat.
1742 1971 1745 1972 ⁷

1273 1993 1367 2045 βοῦς
1404 1993 1464 2030 ἐπὶ
1493 1991 1642 2046 γλώσσῃ
1682 1995 1821 2041 μέγας.
1877 1988 1936 2026 De
1974 1987 2090 2038 hujus

1221 2056 1415 2109 proverbii
1450 2057 1599 2109 origine
1624 2055 1738 2095 multi
1763 2054 1906 2102 multa,
1936 2058 2090 2107 praeter

1222 2126 1367 2164 ceteros
1391 2124 1505 2163 etiam
1522 2124 1773 2163 Hermannus
1801 2122 1848 2161 ad
1874 2122 1954 2162 h.l.
1985 2123 2088 2162 Sim-

1221 2191 1428 2245 plicissima
1456 2191 1655 2245 explicatio
1681 2190 1778 2230 mihi
1806 2191 1899 2229 haec
1923 2190 2088 2230 videtur.

1221 2260 1386 2313 Proprie
1414 2259 1609 2299 dicebatur
1622 2261 1708 2316 κλῂς
1723 2262 1785 2300 ἐπὶ
1800 2261 1949 2315 γλώσσῃ
1963 2287 1974 2308 ,
1990 2257 2091 2310 quod

1223 2331 1386 2380 usurpat
1400 2327 1611 2378 Aeschylus
1624 2328 1663 2366 in
1691 2328 1834 2378 fragm.
1850 2327 1931 2369 378
1949 2326 2090 2365 Herm.

1221 2395 1302 2438 ἀλλ’
1317 2401 1397 2438 ἔστι
1427 2400 1542 2450 κάμοὶ
1571 2398 1657 2453 κλῂς
1686 2399 1747 2436 ἐπὶ
1775 2397 1923 2451 γλώσσῃ
1954 2394 2088 2450 φύλαξ.

1225 2469 1264 2505 et
1292 2465 1339 2504 de
1366 2464 1559 2517 mysteriis
1586 2463 1791 2503 Eleusiniis
1834 2462 1991 2514 loquens
2020 2464 2091 2501 So-

1221 2533 1379 2585 phocles
1406 2533 1446 2572 in
1478 2533 1577 2572 Oed.
1608 2532 1656 2570 C.
1687 2532 1808 2571 1055.
1837 2530 1927 2569 Hoc
1955 2537 2094 2586 παρῴ-

1228 2601 1382 2653 δημένον
1409 2602 1503 2652 puto
1530 2600 1571 2638 in
1600 2603 1693 2654 βοῦς
1722 2601 1784 2638 ἐπὶ
1811 2600 1974 2654 γλώσσῃ,
2005 2597 2095 2648 quia

1226 2668 1294 2708 bos
1322 2671 1379 2707 est
1402 2666 1543 2706 animal
1558 2666 1724 2706 maxime
1743 2669 1985 2716 ἀναισθητόν,
2017 2677 2093 2716 quo

1229 2735 1509 2788 significaretur
1540 2734 1655 2773 homo
1682 2733 1748 2784 qui
1776 2744 1894 2784 aeque
1921 2731 2093 2771 nescium

1231 2815 1271 2843 se
1314 2801 1467 2841 simulat
1519 2815 1562 2840 ac
1599 2801 1796 2853 stupidum
1837 2798 1988 2838 bovem.
2043 2798 2093 2837 Id

1221 2870 1332 2910 initio
1360 2882 1431 2922 per
1453 2869 1585 2921 jocum
1614 2869 1758 2908 dictum
1792 2869 1879 2921 post
1907 2867 1951 2906 in
1978 2866 2092 2906 fami-

1222 2936 1356 2977 liarem
1386 2937 1573 2976 sermonis
1602 2949 1711 2976 usum
1742 2935 1905 2975 venerit.

1283 3005 1348 3043 38.
1379 3008 1563 3057 μαθοῦσιν
1589 3005 1686 3045 αὐδῶ
1714 3004 1794 3044 κτὲ.
1848 3001 1950 3041 Dicti
1977 3001 2092 3052 hujus

1225 3085 1356 3112 sensus
1370 3072 1506 3111 fefellit
1519 3072 1763 3124 interpretes.
1793 3074 1977 3124 μαθοῦσιν
1994 3070 2096 3110 αὐδῶ

1223 3140 1412 3193 significat
1431 3140 1569 3191 qnarz's
1584 3140 1694 3179 clara
1710 3139 1845 3191 loquor
1857 3169 1869 3186 ,
1886 3138 1983 3176 sicut
1997 3138 2092 3176 Pin-

1225 3208 1338 3247 darus
1381 3207 1471 3246 dicit
1510 3206 1575 3245 01.
1606 3207 1678 3253 II,
1723 3206 1824 3253 153,
1870 3209 1973 3256 (ἔπη)
2015 3222 2093 3259 φω-

1225 3283 1341 3315 νᾶντα
1385 3280 1611 3322 συνετοῖσιν,
1657 3273 1718 3311 cui
1759 3273 1919 3325 opponit
1946 3273 2092 3311 hocce:

1225 3346 1261 3388 ἐς
1292 3344 1330 3382 δὲ
1359 3346 1478 3382 τοπὰν
1507 3343 1693 3398 ἑρμηνέων
1721 3343 1887 3394 χατίζει.
1947 3339 2092 3379 Simili-

1225 3411 1287 3449 ter
1328 3409 1390 3448 hic
1432 3408 1639 3462 opponitur
1680 3411 1743 3448 κοῠ
1780 3412 1944 3461 μαθοῦσι
1983 3411 2093 3454 λήθο-

1225 3494 1325 3532 μαι,
1357 3477 1458 3529 quod
1479 3489 1570 3528 ergo
1585 3475 1798 3529 significare
1813 3475 1947 3515 debet:
1976 3476 2090 3528 ἑψια-

1226 3547 1283 3586 ris
1311 3547 1471 3585 obscura
1502 3544 1613 3592 dico,
1653 3557 1730 3584 non
1768 3544 1982 3595 intelliqor.
2025 3544 2091 3588 λή-
