2340 3958
307 191 375 239 96
1042 203 1387 249 ΑΙΣΧΥΛΟΥ

675 355 792 410 οὕτω
830 359 909 411 τὸν
949 358 1095 412 αὑτοῦ
1135 360 1278 425 θυμὸν
1316 350 1531 427 ἄρυγάνει
1568 362 1790 416 ’κπνέων·

672 468 949 535 κάκφυσιῶν
985 466 1141 530 ὀξεῖαν
1179 466 1388 533 αἵματος
1427 473 1634 538 σφαγὴν

673 573 855 636 βάλλει
888 577 943 638 μ’
980 577 1148 643 ἐρεμνῇ
1187 576 1374 643 ψακάδι
1407 569 1600 646 ’φοινίας
1638 579 1818 651 δρόσου,

304 684 443 733 1280

2005 601 2109 640 1390

669 682 935 749 χαίρουσαν
974 684 1102 738 οὐδὲν
1140 684 1278 748 ἧσσον
1317 687 1345 749 ἢ
1385 687 1593 754 διοςδότῳ

669 790 808 854 γάνει
847 794 1079 860 σπορητὸς
1117 796 1327 856 κάλυκος
1366 798 1413 849 ἐν
1450 798 1770 863 λοχεύμασιν.

671 903 704 953 ὦ
780 898 846 954 ’δ’δ’
895 904 908 921 9
966 902 976 922 Ι
1239 904 1249 924 Ι
1410 908 1422 924 9
1567 906 1577 925 Ι
1724 907 1732 925 Ι

708 922 731 960 ς
770 923 803 954 ω
883 922 1121 969 εχοντων,
1162 905 1371 971 πρεσβος
1422 915 1636 973 Αργειων
1675 908 1810 970 τοδε,

669 1011 875 1078 χαίροιτ’
914 1012 975 1066 ἂν
1015 1012 1044 1080 ᾗ
1080 1013 1304 1081 χαίροιτ’,
1347 1017 1443 1078 ἐγὼ
1477 1015 1517 1068 δ’
1555 1017 1847 1083 ἐπεύχομαι.

667 1123 706 1174 εἷ
743 1121 782 1175 δ’
822 1118 874 1184 ἦν
912 1122 1089 1190 πρέπον
1126 1123 1222 1177 τόδ’
1258 1122 1371 1177 ὥστ’
1409 1126 1702 1178 ἐπισπένδειν
1740 1129 1905 1193 νεκρῷ,

300 1232 438 1283 1285

2004 1147 2107 1186 1395

662 1231 770 1299 τῷδ’
808 1232 869 1286 ἂν
907 1233 1095 1292 δικαίως
1135 1231 1213 1296 ἦν·
1254 1235 1504 1301 ὑπερδίκως
1542 1236 1631 1300 μὲν
1667 1234 1778 1300 οὖν,

671 1342 869 1395 τοσῶνδε
905 1344 1096 1409 κρατῆρ’
1135 1345 1183 1396 ἐν
1221 1343 1378 1408 δόμοις
1418 1348 1575 1397 κακῶν
1613 1342 1692 1397 ὅδε

666 1451 863 1512 πλήσας
900 1452 1075 1518 άραίων
1097 1494 1110 1513 ,
1153 1453 1298 1513 αὐτὸς
1336 1453 1512 1507 ἐκπίνει
1550 1455 1723 1518 μολών.

518 1569 624 1614 ΧΟ.
666 1560 971 1628 θαυμάζομέν
1008 1582 1091 1616 σου
1129 1567 1393 1626 γλῶσσαν,
1432 1566 1493 1623 ῶς
1537 1565 1885 1630 θρασύστομος,

665 1667 768 1731 ἥτις
806 1670 966 1724 τοιόνδ’
1003 1673 1082 1724 ἐπ’
1119 1672 1246 1739 άνδρὶ
1284 1665 1550 1740 κομπάζεις
1588 1675 1749 1738 λόγον.

2002 1696 2108 1735 1400

295 1781 436 1832 1290
514 1788 622 1833 ΚΛ.
663 1782 886 1847 πειρᾶσθέ
923 1801 1016 1846 μου
1055 1783 1281 1846 γυναικὸς
1318 1785 1378 1842 ὡς
1416 1783 1754 1851 άφράσμονος’

295 1945 347 1985 V.
378 1946 498 1990 1277.
528 1949 699 2004 ὁρμαίνει
729 1956 862 1990 πεσών.
923 1949 1031 1989 1280
1053 1963 1110 2002 sq.
1135 1954 1158 1997 ἢ
1181 1952 1254 1997 διὸς
1271 1956 1362 2005 νότῳ
1378 1959 1460 2003 γᾶν.
1482 1954 1515 1992 εἰ
1533 1958 1734 2009 σπόρητος.
1794 1954 1915 1994 1284.
1940 1953 2108 2012 χαίροιτ’

345 2024 392 2061 ἂν
419 2023 452 2061 εἰ
479 2026 589 2077 χαίρ.

290 2156 329 2193 et
357 2153 489 2194 ultima
515 2153 695 2194 libatione
725 2168 820 2207 quae
851 2156 964 2196 fiebat
995 2161 1050 2199 Διὶ
1081 2175 1155 2199 σω-

290 2228 391 2279 τῆρι.
426 2223 520 2262 Rem
549 2217 659 2275 a'ttigi
687 2223 727 2261 in
754 2226 835 2263 not.
859 2224 906 2263 ad
928 2238 984 2264 vs.
1000 2226 1080 2264 209
1094 2239 1152 2278 sq.

290 2291 352 2328 cf.
383 2289 560 2341 Aeschyli
588 2289 756 2342 Epigon.
785 2291 836 2330 fr.
868 2293 919 2331 56
950 2293 1149 2340 (Herm.):

289 2359 443 2412 τρίτον,
498 2361 578 2405 Διὸς
620 2366 787 2414 σωτῆρος
828 2361 1001 2401 εὐκταίαν
1041 2362 1149 2415 λίβα.

289 2427 391 2464 Nam
433 2427 589 2478 proprie
618 2433 785 2482 σωτῆρος
812 2439 1021 2479 cognomen
1044 2423 1150 2484 Ἀιδῃ

288 2505 425 2546 parum
452 2493 694 2533 conveniens.

345 2561 465 2603 1278.
494 2562 658 2614 αἵματος
685 2567 826 2617 σφαγὴν
851 2564 908 2601 est
934 2562 1031 2601 idem
1048 2563 1148 2615 quod

289 2628 373 2682 αἷμ’
402 2632 479 2670 ἀπὸ
507 2636 671 2683 σφαγῆς,
704 2629 926 2681 utloquitur
942 2630 1147 2682 Sophocles

286 2697 351 2737 Ai.
381 2697 475 2736 902.
512 2696 655 2736 Similis
683 2696 786 2736 color
812 2697 851 2736 in
881 2697 1047 2747 ejusdem
1075 2699 1147 2738 hoc

285 2777 397 2803 versu
438 2766 530 2804 Ant.
562 2765 693 2805 1223:

286 2834 460 2887 ἐκβάλλει
508 2839 619 2883 πνοὴν
666 2835 775 2890 λευκῇ
826 2841 972 2889 παρειᾷ
1014 2837 1147 2890 φοινίου

287 2903 572 2954 σταλάγματος.
626 2900 765 2940 Pulcre
805 2901 1017 2940 horrendae
1057 2902 1145 2941 huie

284 2967 442 3019 imagini
475 2969 681 3021 opponitur
719 2967 817 3008 laeta
854 2969 980 3021 imago
1009 2969 1146 3022 segetis

286 3036 458 3091 διοςδότῳ
468 3042 571 3088 γάνει
583 3067 595 3084 ,
611 3037 637 3075 i.
652 3049 685 3075 e.
701 3035 852 3088 pluvia.
869 3041 1071 3077 recreatae.
1089 3059 1145 3066 -

287 3105 440 3150 κάλυκος
469 3107 504 3143 ἐν
529 3105 780 3157 λοχεύμασιν,
810 3103 838 3142 i.
865 3115 898 3142 e.
925 3116 1142 3155 quumpar-

286 3171 386 3210 taric
413 3171 490 3210 sive
515 3172 641 3210 fundit
668 3172 809 3210 calices
823 3200 834 3222 ,
850 3171 890 3211 h.
906 3184 939 3211 e.
955 3172 1142 3224 germina.

287 3237 504 3288 Hesychius
540 3239 697 3285 κάλυκας
731 3239 896 3291 interpr.
924 3239 1142 3292 plantarum

287 3308 454 3359 ἔμβρυα.
511 3305 574 3343 Sic
615 3304 818 3356 Sophocles
860 3306 950 3345 dicit
995 3308 1145 3354 κάλυξιν

284 3376 483 3429 ἐγκάρποις
511 3376 639 3426 χθονός
669 3372 766 3410 Oed.
798 3373 847 3411 R.
877 3374 942 3412 25.

340 3439 460 3478 1282.
490 3444 659 3493 πρέσβος
685 3438 861 3495 Ἀργείων
875 3441 973 3481 τόδε.
1003 3440 1143 3480 Rarior

286 3519 374 3546 usus
414 3506 649 3559 pronominis
691 3507 754 3547 ὅδε
802 3507 843 3546 in
892 3507 1113 3559 alloquendo
1129 3525 1140 3555 ;

284 3573 410 3614 minus
444 3572 648 3613 insolenter
680 3573 845 3626 positum
873 3581 928 3613 est
956 3587 1074 3627 supra
1100 3574 1139 3613 in

749 2769 812 2806 καὶ
853 2775 985 2819 φυσιῶν
1024 2768 1146 2813 ὀξεῖαν

659 2022 776 2062 1284.
809 2023 929 2062 1285.
971 2027 1003 2064 εἰ
1028 2024 1062 2064 δ’
1090 2026 1133 2071 ἦν
1162 2025 1402 2080 πρεπόντων,
1437 2026 1527 2066 ὥστ’
1556 2029 1617 2066 ἐπ.
1655 2057 1664 2065 .
1686 2058 1695 2066 .
1717 2055 1729 2066 .

1758 2025 1844 2068 τάδ’
1872 2032 1916 2069 ἂν
1942 2029 2103 2074 δικαίως.

1237 2157 1477 2210 appositione
1518 2172 1575 2198 vs.
1605 2160 1710 2200 855:
1755 2162 1887 2217 ἄνδρες
1922 2164 2102 2215 πολῖται,

1240 2230 1410 2282 πρέσβος
1440 2226 1618 2283 Ἀργείων
1644 2228 1743 2269 τόδε.
1789 2229 1896 2282 Siga.
1926 2230 2016 2282 »qui
2040 2231 2106 2270 hic

1237 2294 1373 2332 adstas
1402 2306 1604 2345 procerum
1633 2298 1760 2334 coetus
1779 2294 1808 2310 '⁵

1289 2360 1409 2399 1286.
1438 2360 1591 2411 Junge:
1631 2363 1788 2404 τοσῶνδε
1817 2372 1935 2405 κακῶν
1960 2369 2104 2419 ἀραίων

1230 2429 1374 2475 πλήσας
1402 2435 1579 2485 κρατῆρα
1608 2431 1718 2475 αὐτὸς
1745 2434 1894 2472 ἐκπίνει.
1934 2433 2098 2471 Accusa-

1227 2496 1326 2535 tivus
1370 2503 1547 2552 κρατῆρα
1573 2499 1653 2535 tam
1680 2497 1728 2536 ad
1754 2500 1899 2544 πλήσας
1930 2499 2099 2538 referen-

1227 2562 1296 2602 dus
1319 2576 1432 2615 quam
1465 2564 1511 2603 ad
1540 2567 1689 2606 ἐκπίνει.
1731 2565 2097 2606 Animadvertantur

1227 2633 1354 2670 autem
1408 2630 1710 2672 homoeoteleuta
1762 2645 1840 2672 non
1881 2633 2096 2674 inconsulto

1226 2698 1376 2750 posita:
1419 2699 1601 2747 τοσῶν(δ’)
1631 2722 1684 2729 --
1722 2708 1842 2741 κακῶν
1867 2724 1922 2731 -
1950 2704 2097 2748 πλήσας

1226 2767 1368 2822 ἀραίων
1399 2789 1454 2796 --
1483 2769 1618 2808 ἐκπίνει
1645 2770 1782 2819 μολών.

1281 2833 1550 2873 1288-1290
1592 2847 1675 2885 sqq.
1734 2839 1982 2888 θαυμάζομέν
2031 2851 2094 2876 σου

1225 2902 1395 2953 γλῶσσαν
1426 2923 1480 2930 -
1507 2906 1697 2958 πειρᾶσθέ
1722 2919 1810 2954 μου.
1873 2902 2090 2942 νΜίηΠιιιι·

1224 2969 1398 3021 linquam
1427 2971 1533 3008 tuam
1556 2969 1775 3016 audacem”,
1801 2969 1892 3008 dicit
1906 2970 2059 3009 Chorus
2076 3001 2088 3018 ‚

1223 3035 1330 3088 quasi
1356 3038 1508 3089 putaret
1533 3035 1877 3087 Clytaemnestram
1901 3037 1994 3076 haec
2018 3050 2086 3089 pe-

1223 3102 1391 3143 tulanter
1431 3103 1542 3142 modo
1585 3103 1774 3149 locutam,
1830 3103 1957 3156 ipsum
1999 3117 2089 3144 vero

1223 3172 1371 3210 factum
1412 3173 1455 3209 ut
1493 3171 1566 3209 fide
1614 3170 1737 3221 majus
1780 3183 1859 3210 non
1902 3171 2087 3212 crederet.

1223 3237 1284 3277 Ad
1324 3249 1420 3289 qnae
1461 3235 1550 3276 illa:
1597 3237 1790 3277 '‘Tentatis
1818 3251 1880 3277 me
1904 3242 2087 3291 tanquam

1221 3304 1464 3344 temerariam
1495 3304 1723 3343 feminam:”
1754 3309 1860 3344 metu
1885 3305 2087 3346 sollicitare

1221 3384 1284 3411 me
1298 3371 1455 3411 studetis
1469 3403 1479 3418 ,
1502 3371 1609 3422 quasi
1622 3385 1698 3410 non
1714 3371 1918 3412 deliberata
1935 3385 1977 3412 re
1990 3373 2083 3412 faci-

1221 3451 1293 3478 nus
1319 3451 1498 3491 aggressa
1525 3438 1611 3477 sim.
1659 3439 1764 3492 nEgo
1790 3452 1880 3479 vero
1893 3433 2084 3493 intrepido

1222 3505 1334 3544 corde
1355 3504 1460 3545 vobis
1481 3506 1547 3557 qui
1567 3519 1627 3544 me
1641 3507 1759 3545 nostis
1774 3507 1877 3554 dieo,
1896 3506 1995 3546 cet.”
2022 3506 2083 3546 Ad

1222 3574 1364 3619 εἰδότας
1387 3572 1507 3613 intell.
1533 3586 1608 3613 non
1634 3577 1679 3615 τὸ
1701 3582 1869 3630 πρᾶγμα
1883 3588 1914 3614 s.
1930 3574 2081 3614 caedem
