2340 3958
919 169 1387 247 ΑΓΑΜΕΜΝΩΝ.
1986 165 2051 214 21

759 332 956 399 μιαίνων
993 331 1429 402 παρθενοσφάγοισι

680 445 809 510 ῥοαῖς
847 442 1091 511 πατρῴους
1128 443 1280 510 χέρας
1319 441 1407 510 πρὸ
1444 440 1630 505 βωμοῦ.

1974 457 2053 496 210

810 552 861 606 τί
896 552 1031 606 τῶνδ’
1069 551 1185 606 ἄνευ
1223 557 1416 616 κακῶν;

763 666 864 722 πῶς
901 661 1137 722 λιπόναυς
1174 662 1392 727 γένωμαι

237 782 341 833 185

759 772 1061 839 ξυμμαχίας
1100 773 1334 840 οὶμαρτών
1356 793 1368 837 ;

417 883 731 948 παυσανέμου
781 884 881 950 γαρ
930 883 1096 943 θυσίας
1136 883 1382 951 παρθενίου
1422 883 1460 936 θ’
1500 880 1711 948 αἳματος
1750 882 1822 936 ὅδ-

1974 898 2053 937 215

525 996 627 1060 μοῖς
665 999 918 1061 περιοργῶς
959 994 1183 1059 ἐπιθυμεῖ
1217 992 1333 1053 θεός.
1377 990 1430 1048 εὖ
1466 993 1666 1060 χαρείη.

679 1104 782 1157 ἐπεὶ
821 1104 861 1157 δ’
898 1102 1126 1167 ἀνάγκας
1164 1102 1242 1157 ἔδυ
1280 1103 1544 1165 λέπαδνον,

1900 1137 1985 1176 στρ.
2005 1119 2052 1161 δ’.

675 1212 844 1283 φρενὸς
883 1213 1032 1267 πνέων
1067 1213 1325 1278 δυςσεβοῦς
1363 1213 1600 1281 τροπαίαν

238 1328 340 1379 190

753 1324 963 1389 ἄναγνον
1001 1326 1177 1394 οένίερον
1192 1370 1206 1390 ,
1247 1325 1379 1380 τόθεν

1977 1340 2057 1380 220

679 1435 734 1489 τὸ
772 1434 1106 1498 παντότολμον
1145 1441 1333 1505 φρονεῖν
1371 1428 1606 1501 μετέγνω.

675 1546 873 1613 βροτοὺς
912 1546 1124 1613 θρασύνει
1163 1546 1262 1613 γαρ
1301 1544 1625 1613 αἰσχρόμητις

831 1654 1051 1710 τάλαινα
1088 1658 1356 1724 παρακοπα

231 1843 283 1884 V.
314 1843 407 1883 184.
437 1843 546 1884 Fort.
575 1842 650 1897 leg.
679 1853 757 1892 πῶς
785 1849 961 1900 φιλόπαις
989 1851 1178 1900 γένωμαι.

228 1954 281 1995 V.
312 1955 405 1995 182.
435 1953 545 1994 Libri
569 1957 739 2012 ῥεέθροις
768 1959 947 2014 (ῥείθροις
974 1957 1110 2006 Fam.)
1139 1972 1263 2014 πατρ.
1294 1962 1383 2012 χέρ,
1405 1960 1542 2011 βωμοῦ
1557 1960 1688 2003 πέλας.
1756 1956 1848 1996 186.
1867 1955 1962 2000 187.
1985 1955 2052 1995 Li-

284 2027 346 2068 bri
380 2030 544 2094 αξματος
571 2033 682 2086 ὁργᾶι
709 2035 756 2081 (S.
783 2034 896 2088 ὀργᾷ)
925 2032 1137 2088 περίοργως
1167 2033 1361 2083 ἐπιθυμεῖν
1390 2033 1515 2082 θέμις.
1559 2029 1637 2070 Pro
1666 2033 1765 2086 ὀργᾷ
1795 2029 1913 2070 Farn.
1939 2030 2052 2081 αὐδᾷ.

284 2100 431 2141 Deinde
455 2101 544 2142 libri
568 2104 608 2143 εὖ
633 2106 710 2160 γὰρ
737 2106 809 2152 εἴη.
869 2104 964 2145 189.
995 2104 1168 2158 δυςσεβῆ.
1228 2102 1322 2143 192.
1351 2107 1521 2159 βροτοῖς.

287 2266 382 2308 183.
422 2270 462 2308 τί
478 2267 582 2310 τῶνδ’
615 2272 701 2310 ἄνευ
726 2277 859 2310 κακῶν.
929 2267 1106 2321 Choeph.

233 2335 339 2375 338:
375 2338 415 2376 τί
442 2335 546 2378 τῶνδ’
576 2335 639 2390 255
689 2338 729 2377 τί
757 2336 789 2377 δ’
821 2341 920 2394 ἄτερ
949 2345 1101 2390 κακῶν;

238 2402 420 2443 Ceterum
460 2404 554 2443 haec
594 2410 633 2443 et
671 2405 865 2456 sequentia
903 2404 1102 2457 abruptius

237 2470 437 2511 enunciata
451 2471 505 2511 sie
519 2470 742 2524 explicanda
757 2475 860 2512 sunt.
891 2473 1102 2525 Postquam

237 2538 356 2578 dixit:
415 2539 543 2591 “Quid
579 2539 721 2579 horum
747 2553 826 2580 non
855 2541 1039 2581 miserum
1053 2539 1099 2579 ?’'

238 2605 422 2646 deliberat
438 2605 632 2660 paulisper
649 2619 800 2656 secum,
830 2611 962 2648 utrum
983 2607 1102 2647 filiam

236 2672 503 2714 immolaturus
528 2687 578 2714 an
596 2677 809 2728 susceptam
824 2675 1102 2728 expeditionem

237 2740 445 2782 omissurus
476 2742 539 2782 sit.
580 2742 677 2782 Mox
704 2754 795 2782 vero
819 2742 1000 2795 pietatem
1016 2742 1101 2782 vin-

237 2808 290 2849 cit
340 2809 522 2850 ambitio:
572 2817 652 2857 πῶς
702 2812 873 2858 λιπόναυς
916 2815 1098 2866 γένομαι;

243 2877 468 2929 “Quomodo
500 2876 629 2918 classis
662 2878 834 2919 desertor
869 2877 957 2918 belli
985 2879 1102 2919 socie-

238 2947 357 2984 tatem
387 2945 560 2985 amittam
572 2944 617 2984 ‘?’'
647 2945 696 2986 Id
720 2947 845 2986 facere
868 2947 986 2999 pudet
995 2964 1006 2994 ;
1035 2946 1101 2986 ad-

240 3011 297 3051 dit
318 3012 505 3053 rationem
529 3026 605 3066 qua
633 3014 786 3053 eaedem
810 3014 909 3054 filiae
924 3019 1100 3054 excuset:

245 3081 348 3120 nDea
385 3081 527 3135 quippe
555 3082 629 3122 hoc
656 3082 884 3122 sacrificium
911 3081 1104 3136 flagitat.”

242 3145 408 3188 Tandem
435 3149 629 3190 concedit:
656 3149 697 3192 εὖ
719 3152 874 3207 χαρείη.
908 3150 1105 3190 uGaudeat

242 3213 360 3255 animi
394 3219 483 3258 voto
517 3223 671 3271 (nempe
702 3218 841 3266 Dea).''
874 3220 1013 3275 χαρείη
1049 3222 1105 3258 est

243 3281 366 3322 forma
392 3284 497 3336 epica
510 3316 521 3333 ‚
551 3287 596 3325 ut
617 3285 656 3325 in
668 3288 760 3326 noto
774 3284 838 3326 illo
853 3299 966 3326 versu
981 3287 1033 3327 Il.
1049 3293 1073 3339 ζ
1089 3318 1101 3339 ,

243 3349 346 3388 481:
377 3356 514 3408 χαρείη
544 3355 584 3394 δὲ
612 3360 729 3410 φρένα
757 3361 903 3410 μήτηρ.

174 3426 177 3429 ’
299 3417 392 3458 189.
417 3425 544 3476 φρενὸς
556 3428 670 3464 πνέων
682 3424 882 3476 δυσσεβοῦς
896 3426 1101 3479 τροπαίαν,

187 3537 191 3540 ἡ
245 3484 399 3536 spirans
435 3493 623 3530 mutatam
657 3491 769 3544 impii
798 3492 922 3531 animi
950 3505 1103 3531 auram.

247 3558 370 3605 πνεῖν,
400 3557 550 3607 πνεῦμα
576 3569 686 3611 saepe
713 3559 760 3598 de
774 3559 892 3599 animi
909 3558 1104 3599 voluntate

1189 2269 1413 2321 usurpatur.
1456 2267 1516 2307 Ad
1540 2273 1656 2309 πνέων
1680 2273 1872 2324 τροπαίαν
1887 2267 2055 2319 (adject.)

1188 2335 1344 2389 proprie
1380 2335 1634 2389 supplendum
1676 2343 1810 2391 πνοήν;
1847 2337 2055 2388 usurpatur

1183 2404 1256 2443 hoc
1279 2407 1317 2444 et
1333 2402 1424 2444 alibi
1439 2416 1511 2456 pro
1527 2403 1766 2444 substantivo
1783 2434 1795 2455 ‚
1816 2407 1860 2444 ut
1876 2403 2054 2456 Choeph.

1184 2472 1278 2514 775.
1319 2473 1427 2524 Sept.
1457 2471 1504 2510 ad
1534 2472 1610 2512 Th.
1645 2472 1724 2515 706
1755 2472 1848 2521 (687
1869 2471 2052 2520 Herm.):

1182 2541 1352 2593 λήματος
1389 2543 1603 2596 ἀντροπαίᾳ
1645 2541 1793 2596 χρονίᾳ.
1852 2539 1903 2579 ef.
1955 2550 2053 2590 quae

1181 2607 1282 2646 infra
1310 2607 1357 2647 ad
1384 2620 1441 2647 vs.
1473 2608 1578 2647 1055
1608 2610 1783 2663 (θυραίαν
1812 2609 1976 2663 τρίβειν)
2008 2606 2051 2646 in

1184 2676 1401 2715 Comment.
1430 2674 1619 2715 dicentur.

1243 2744 1336 2783 191.
1390 2746 1435 2785 τὸ
1469 2745 1726 2796 παντότολμον
1770 2761 1834 2800 φρ.
1876 2749 2051 2796 μετέγνω

1183 2811 1372 2865 significat
1414 2816 1566 2851 mutata
1609 2817 1738 2852 mente
1764 2812 1960 2865 nefarium.
1988 2825 2050 2852 ce-

1179 2880 1243 2933 pit
1271 2879 1489 2919 consilium.
1519 2879 1704 2919 Similiter
1730 2879 1832 2919 infra
1861 2892 1917 2920 vs.
1948 2879 1972 2923 7
1976 2880 2050 2919 09:

1183 2951 1534 3002 μεταμανθάνουσα
1571 2945 1604 2988 δ’
1639 2949 1774 3001 ὕμνον,
1813 2948 1854 2987 11.
1881 2961 1916 2989 e.
1940 2948 2049 3000 prio-

1183 3017 1240 3055 ris
1278 3017 1462 3055 carminis
1499 3017 1582 3056 loco
1611 3017 1734 3056 alium
1763 3016 1917 3056 discens
1940 3016 2050 3068 hym-

1184 3098 1290 3124 num.
1321 3083 1426 3123 Mire
1446 3083 1692 3124 halucinatur
1719 3083 1980 3124 Blomfieldius
2003 3081 2052 3123 ad

1184 3153 1225 3191 h.
1254 3152 1283 3192 l.

1243 3220 1336 3260 193.
1360 3223 1571 3276 παρακοπὰ
1584 3227 1852 3277 πρωτοπήμων
1865 3231 2052 3272 quaenam

1185 3287 1248 3327 hic
1276 3287 1444 3327 dieitur?
1487 3289 1579 3328 Non
1607 3301 1703 3340 quae
1729 3288 1831 3327 infra
1855 3301 1913 3328 vs.
1943 3287 2051 3327 1192

1185 3362 1417 3412 πρώταρχος
1445 3360 1521 3404 ἄτη
1540 3388 1552 3408 ,
1577 3356 1764 3408 Thyestea
1789 3355 1942 3403 caedes,
1972 3354 2050 3395 ori-

1185 3438 1234 3476 go
1262 3425 1451 3463 malorum
1475 3423 1610 3463 domas
1625 3423 1876 3470 Atridarum3
1901 3422 1966 3462 sed
1988 3422 2049 3474 ip-

1185 3491 1263 3531 sius
1278 3492 1575 3544 Agamemnonis
1595 3491 1744 3545 primus
1758 3502 1867 3531 error
1882 3521 1895 3538 ,
1914 3502 2053 3543 nempe

1185 3558 1285 3611 quod
1313 3558 1483 3600 mulieris
1515 3572 1645 3600 caussa
1673 3558 1814 3599 bellum
1834 3560 2052 3611 susceperat
