2340 3958
896 151 1367 201 ΑΓΑΜΕΜΝΩΝ.
1963 150 2029 198 65

547 311 881 379 ἠνειχόμεσθα.
938 316 1017 365 νῦν
1057 311 1103 364 δέ
1141 331 1253 375 μοι,
1295 308 1438 378 φίλον
1476 308 1636 377 καρα,

215 429 322 479 815

1951 330 2031 369 905

548 421 736 487 ἔκβαιν’
776 421 964 482 ἀπήνης
1002 420 1170 482 τῆςδε,
1213 420 1282 483 μὴ
1320 417 1494 484 χαμαὶ
1533 418 1672 477 τιθεὶς

549 531 630 583 τὸν
669 530 748 582 σὸν
787 529 908 591 πόδ’,
948 525 1106 591 ὦναξ,
1147 527 1287 581 Ἰλίου
1326 529 1603 595 πορθήτορα.

552 639 742 704 δμωαὶ,
781 638 832 691 τί
868 636 1083 702 μέλλεθ’,
1129 632 1208 696 αἷς
1246 638 1551 690 ἐπέσταλται
1590 639 1727 698 τέλος
1743 682 1755 704 ,

554 748 691 802 πέδον
728 747 950 801 κελεύθου
990 747 1271 813 στρωννύναι
1312 747 1656 812 πετασμασιν;

554 858 689 918 εὐθὺς
720 858 925 921 γενέσθω
965 854 1382 924 πορφυρόστρωτος
1423 855 1581 921 πόρος,

226 972 330 1023 820

1963 879 2042 927 910

557 971 605 1029 ἐς
645 965 761 1031 δῶμῗ
801 965 1016 1021 ἄελπτον
1053 968 1114 1026 ὡς
1153 966 1213 1019 ἂν
1252 969 1435 1028 ἡγῆται
1475 966 1595 1028 δίκη.

563 1080 631 1132 τοὶ
662 1080 703 1131 δ’
740 1077 882 1132 ἄλλα
919 1078 1111 1147 φροντὶς
1149 1079 1245 1143 οὐχ
1283 1074 1412 1142 ὕπνῳ
1453 1078 1688 1142 νεκωμένν)

560 1188 687 1250 θήσει
734 1187 922 1247 δικαίως
961 1186 1046 1250 ξὺν
1085 1187 1200 1247 θεοῖς
1240 1186 1554 1253 εἰργασμένα.

414 1307 516 1352 ΑΓ.
557 1298 728 1359 Λήδας
771 1297 1017 1361 γένεθλον,
1059 1296 1295 1361 δωμάτων
1334 1297 1460 1359 ἐμῶν
1498 1296 1704 1365 φύλαξ,

568 1407 779 1474 ἀπουσία
816 1408 905 1472 μὲν
945 1403 1089 1466 εἶπας
1127 1406 1316 1465 εἰκότως
1355 1407 1475 1474 ἐμῇ·

234 1521 338 1570 825

1972 1426 2050 1466 915

568 1517 762 1585 μακροὶν
799 1517 898 1584 γαρ
937 1516 1201 1580 ἐξέτεινας·
1240 1515 1359 1569 ἀλλ’
1398 1517 1652 1582 ἐναισίμως

567 1629 742 1688 αἰνεῖν,
783 1624 898 1693 παρ’
936 1624 1102 1680 ἄλλων
1139 1627 1237 1693 χρὴ
1276 1626 1373 1679 τόδ’
1411 1626 1636 1693 ἔρχεσθαι
1675 1627 1837 1695 γέρας.

573 1738 655 1791 καὶ
695 1732 869 1790 τᾶλλα
905 1738 976 1802 μὴ
1015 1737 1241 1800 γυναικὸς
1279 1738 1326 1788 ἐν
1365 1737 1552 1804 τρόποις
1592 1738 1680 1801 ἐμὲ

571 1849 776 1914 ἅβρυνε,
813 1847 935 1913 μηδὲ
971 1847 1226 1914 βαρβάρου
1266 1846 1431 1916 φωτὸς
1471 1846 1599 1909 δίκην

570 1960 891 2025 χαμαιπετὲς
929 1957 1110 2022 βόαμα
1149 1956 1419 2025 προςχοὲνιρς
1459 1957 1590 2021 ἐμοὶ,

240 2073 344 2124 830

1981 1975 2061 2014 920

571 2069 684 2132 μηδ’
722 2066 887 2133 εἵμασι
928 2068 1169 2134 στρώσασ’
1207 2067 1456 2135 ἐπίφθονον
1495 2068 1632 2134 πόρον

574 2179 716 2233 τίθει·
759 2180 887 2238 θεοὺς
925 2180 1115 2239 τοιοῖςδε
1153 2184 1429 2247 τιμαλφεῖν
1467 2179 1648 2245 χρεών·

250 2375 302 2415 V.
336 2375 431 2419 817.
461 2377 694 2417 ἐπέσταλται
711 2375 806 2415 τάδε
821 2374 939 2414 Farn.
994 2375 1088 2416 822.
1119 2377 1180 2423 ξὺν
1198 2380 1293 2422 θεοῖς
1309 2379 1545 2432 εἱμαρμένα.
1609 2374 1704 2414 831.
1736 2375 1836 2420 θεοὺς
1851 2390 1910 2415 τοι
1924 2373 2064 2415 τοῖσδε.

302 2534 402 2577 817.
434 2533 494 2580 αἶς
533 2534 764 2574 ἐπέσταλται
804 2536 934 2586 τέλος,
977 2533 1116 2587 quibus

246 2603 294 2642 id
324 2603 472 2655 neqotii
497 2602 726 2642 mandatum
754 2606 828 2642 est.
885 2603 990 2649 τέλος
1014 2601 1115 2654 apud

247 2669 483 2722 Aeschylum
523 2682 600 2710 non
646 2667 763 2710 semel
791 2683 931 2709 munus
968 2670 1114 2723 signifi-

249 2741 333 2787 cat,
363 2738 443 2779 sive
470 2737 582 2778 vilius
608 2737 687 2778 sive
714 2738 925 2778 honestius.
970 2737 1116 2778 Eodem

250 2806 363 2860 plane
389 2806 501 2846 modo
529 2806 674 2846 dictum
702 2805 816 2846 Eum.
845 2806 941 2848 743.

307 2875 402 2915 820.
447 2877 494 2922 ὡς
527 2876 573 2914 ἂν
597 2877 736 2927 ἡγῆται
764 2876 850 2922 Δίκη
878 2877 958 2915 κτὲ.
987 2887 1117 2927 quem-

253 2943 459 2983 admodum
482 2944 654 2983 Justitia
667 2943 859 2990 deducat,
877 2943 915 2982 h.
931 2955 965 2982 e.
981 2955 1116 2994 quem-

254 3009 457 3050 admodum
477 3010 625 3062 justum
650 3013 707 3050 est
732 3010 864 3050 deduci
880 3041 890 3058 ,
906 3010 950 3049 in
964 3011 1118 3050 domum

257 3089 355 3128 quae
381 3078 427 3118 id
451 3091 530 3119 non
555 3083 805 3130 speraverat,
834 3078 915 3118 scil.
939 3078 1120 3118 reducem

260 3143 468 3187 dominum.
525 3149 612 3194 Δίκη
649 3146 829 3200 ambigue
854 3147 1020 3195 dietum,
1047 3158 1120 3199 pro

262 3210 403 3264 duplici
426 3213 597 3254 vocabuli
624 3218 811 3269 potestate
824 3247 836 3264 ,
858 3228 976 3268 quum
992 3214 1123 3254 eadem

263 3279 314 3318 sit
336 3282 375 3319 et
400 3279 490 3322 boni
513 3284 795 3323 remuneratrix
821 3288 859 3323 et
883 3282 975 3323 mali
992 3282 1123 3322 ultrix.

267 3346 318 3386 In
359 3349 531 3400 proximo
566 3364 678 3391 versu
718 3352 889 3391 additum
930 3350 1023 3390 illud
1063 3351 1125 3396 ξὺν

269 3418 363 3461 θεοῖς
401 3415 593 3457 seelestam
624 3419 793 3459 mulieris
821 3419 988 3459 indolem
1015 3418 1122 3457 lucu-

246 3475 392 3522 ‘lenter
419 3484 558 3536 arguit.

325 3550 419 3592 823.
451 3551 772 3604 Clytaemnestrae
798 3557 972 3596 affectata
999 3553 1127 3607 gaudii

1198 2535 1237 2572 et
1277 2532 1420 2572 amoris
1463 2531 1667 2571 ostentatio
1709 2543 1787 2570 non
1831 2531 1933 2584 fugit
1963 2533 2067 2584 Aga--

1198 2612 1444 2640 memnonem
1458 2617 1469 2647 ;
1496 2611 1616 2650 quare
1643 2597 1853 2638 abundanti
1875 2599 1956 2650 ejus
1978 2612 2068 2653 gra-

1196 2667 1378 2708 tulationi
1420 2667 1510 2707 satis
1550 2666 1689 2719 frigide
1717 2667 1936 2720 respondet.
1978 2667 2072 2720 Ipsa

1199 2735 1405 2790 appellatio
1443 2748 1518 2787 qua
1557 2747 1641 2774 eam
1680 2734 1908 2787 alloquitur,
1948 2736 2072 2782 Λήδας

1200 2807 1388 2857 γένεθλον,
1438 2804 1622 2855 δωμάτων
1661 2806 1759 2855 ἐμῶν
1801 2804 1944 2858 φύλαξ,
1987 2803 2074 2857 plus

1202 2871 1320 2913 habet
1364 2872 1566 2925 gravitatis
1622 2875 1660 2910 et
1715 2872 1901 2911 acuminis
1957 2884 2074 2924 quam

1203 2940 1345 2981 amoris
1374 2942 1412 2979 et
1442 2938 1740 2979 benevolentiae.

1259 3009 1354 3048 824.
1399 3010 1564 3061 ἀπουσίᾳ
1603 3031 1658 3037 -
1701 3010 1851 3055 εἰκότως
1891 3008 1983 3060 quid
2011 3008 2075 3047 hic

1204 3077 1414 3129 significet,
1446 3076 1661 3117 declaratur
1678 3077 1807 3116 addito
1825 3081 1980 3133 μακρὰν
1996 3081 2075 3132 γὰρ

1205 3146 1402 3191 ἐξέτεινας.
1467 3161 1486 3178 n
1502 3144 1580 3185 Pro
1609 3144 1724 3197 longa
1750 3143 1922 3184 absentia
1949 3157 2076 3184 sermo

1204 3211 1362 3265 longius3
1393 3211 1480 3260 sed,
1502 3212 1627 3260 addit,
1652 3224 1790 3266 parum
1809 3212 1964 3251 decens:
1982 3225 2075 3252 nam

1206 3293 1228 3319 a
1257 3280 1336 3320 suis
1363 3281 1534 3333 impense
1562 3280 1732 3328 laudari,
1762 3280 1887 3320 inanis
1918 3285 1975 3319 est
2005 3280 2075 3320 ho-

1206 3347 1318 3388 nos.’'

1261 3416 1356 3456 830.
1387 3419 1574 3471 ἐπίφθονον
1601 3422 1718 3474 πόρον
1746 3418 1843 3458 τίθει
1872 3415 2080 3469 respondet

1208 3483 1536 3535 Clytaemnestrae
1586 3485 1686 3525 dicto
1735 3489 1860 3539 φθόνος
1903 3485 1934 3525 δ’
1980 3489 2082 3524 ἀπέ-

1211 3570 1303 3594 στω.

1848 3634 1873 3675 9
