2340 3990
251 171 347 205 vm
949 156 1318 206 PRAEFATIO.

247 297 493 357 minuitur,
526 302 625 347 tum
658 299 908 347 nonnullae
943 301 1096 361 partes
1130 297 1195 344 ita
1222 300 1412 345 vexatae
1445 302 1554 346 sunt
1578 303 1630 346 ut
1657 302 1819 363 poetae
1842 306 2046 349 mentem

246 412 524 460 sensumque
564 413 659 444 non
693 396 784 444 nisi
821 394 1071 443 divinando
1107 394 1329 456 conjicere
1364 394 1512 443 liceat.

311 493 420 540 Tale
471 509 587 557 opus
639 493 829 555 dignum
880 492 1084 555 profecto
1129 495 1224 538 erat
1256 490 1305 538 in
1338 508 1430 555 quo
1466 490 1623 539 critica
1656 508 1728 539 ars
1765 493 2048 558 experiretur

244 588 358 653 quid
410 594 578 653 posset.
645 591 809 654 Neque
861 589 969 636 huic
1018 588 1199 636 muneri
1249 587 1496 636 defuerunt
1535 589 1621 637 viri
1662 589 1808 647 docti,
1856 590 1936 655 qui
1974 591 2048 638 vel

243 686 354 733 olim
392 686 464 733 vel
502 703 651 751 nuper
689 686 738 734 in
770 686 998 750 Aeschylo
1033 685 1316 734 recensendo
1354 690 1399 733 et
1431 686 1720 734 emendando
1745 688 2048 736 elaborarunt.

245 781 362 844 Quis
395 782 541 830 nescit
573 787 686 847 quot
719 783 920 831 maculas
949 783 1046 844 jam
1079 782 1258 847 pridem
1291 783 1515 841 Auratus,
1552 783 1800 842 Canterus‚
1825 785 2047 847 Scaliger,

245 878 546 927 Casaubonus
566 918 578 938 ,
629 880 727 938 alii,
779 879 1075 938 deterserint,
1128 884 1208 927 aut
1256 895 1394 944 quam
1444 881 1590 928 multa
1626 881 1738 929 vitia
1771 882 2048 929 recentiores

245 976 417 1035 critici,
453 977 532 1042 qui
566 978 639 1025 vel
673 977 780 1025 data
815 993 955 1042 opera
991 978 1065 1025 vel
1099 976 1292 1024 strictim
1325 977 1604 1041 Aeschylum
1638 978 1906 1041 attigerunt,
1942 979 2051 1027 Por-

244 1089 411 1132 sonus‚
453 1074 768 1138 Musgravius,
805 1074 1057 1136 Stanlejus,
1093 1073 1356 1132 Schutzius,
1381 1074 1483 1131 alii,
1507 1091 1565 1121 ne
1588 1076 1926 1124 recentissimos
1956 1076 2050 1123 edi-

244 1174 366 1219 tores
411 1175 506 1219 tam
546 1172 797 1220 Germanos
832 1188 970 1237 quam
1002 1171 1250 1218 Britannos
1283 1171 1542 1229 nominem,
1578 1173 1858 1221 correxerint
1892 1177 1937 1220 et
1973 1190 2050 1221 ex-

241 1268 518 1332 poliverint‘?
552 1269 732 1317 Horum
761 1286 870 1317 cura
897 1285 1036 1333 quam
1063 1268 1222 1315 multis
1243 1267 1452 1331 partibus
1477 1269 1758 1317 emendatior
1782 1273 1827 1317 et
1849 1270 2049 1318 limatior

242 1366 362 1413 facta
414 1366 473 1414 sit
520 1367 632 1414 haec
680 1366 940 1429 tragoedia,
991 1365 1095 1430 quis
1141 1381 1236 1413 non
1281 1364 1518 1426 agnoscit?
1583 1366 1644 1413 Et
1679 1369 1834 1414 tamen
1866 1371 2048 1415 tantum

243 1463 395 1520 abest,
440 1467 493 1510 ut
536 1463 758 1528 pristinus
791 1464 914 1511 nitor
947 1467 992 1510 et
1024 1462 1263 1525 integritas
1301 1462 1430 1526 operi
1462 1462 1675 1511 restituta
1707 1464 1822 1522 sint,
1857 1468 1910 1512 ut
1943 1481 2050 1513 vere

242 1559 408 1625 aliquis
450 1577 600 1624 nuper
634 1560 826 1618 dixerit,
868 1560 945 1608 vix
984 1564 1077 1607 tres
1118 1560 1360 1607 continuos
1399 1577 1582 1619 versus,
1622 1561 1672 1609 in
1710 1562 1886 1610 melicis
1923 1579 2053 1627 prae-

246 1658 399 1706 sertim
416 1696 428 1716 ,
464 1658 562 1705 sine
596 1658 748 1723 aliqua
779 1658 990 1706 molestia
1025 1661 1070 1705 et
1104 1657 1380 1705 obscuritate
1417 1657 1669 1707 decurrere.
1725 1659 1897 1717 Multa,
1933 1677 2050 1724 quae

237 1756 338 1818 jam
382 1772 408 1802 a
456 1755 768 1819 superioribus
814 1756 1001 1814 criticis,
1047 1771 1164 1820 quos
1208 1754 1347 1802 modo
1389 1754 1618 1813 dicebam,
1666 1760 1797 1804 acute
1836 1761 2051 1822 recteque

251 1852 492 1901 emendata
542 1857 694 1911 erant,
747 1853 957 1901 nondum
1001 1853 1050 1900 in
1095 1856 1275 1900 textum
1323 1857 1432 1900 sunt
1482 1857 1692 1917 recepta,
1745 1853 1853 1918 quia
1901 1854 2050 1912 nude,

243 1955 372 2003 nullo
422 1954 628 2002 adhibito
673 1955 904 2002 rationum
945 1958 990 2002 et
1027 1953 1394 2001 testimoniorum
1427 1953 1682 2017 praesidio,
1723 1958 1852 2002 erant
1884 1971 2050 2019 propo-

243 2051 344 2099 sita.
414 2051 584 2099 Contra
629 2068 722 2099 non
769 2068 934 2115 pauca,
993 2068 1112 2116 quae
1162 2068 1273 2099 sana
1325 2055 1371 2098 et
1408 2051 1586 2114 integra
1631 2056 1781 2109 erant,
1822 2052 2051 2101 immerito

241 2151 415 2196 tentata
461 2152 591 2206 sunt,
638 2148 746 2213 quia
789 2152 940 2197 rectae
980 2148 1371 2213 interpretationis
1411 2149 1513 2196 luce
1553 2149 1779 2198 carebant.
1847 2150 2052 2198 Tandem

243 2246 499 2310 complures
534 2246 685 2294 adhuc
719 2247 846 2311 iique
882 2247 1140 2295 difficillimi
1178 2251 1223 2294 et
1244 2246 1528 2295 vexatissimi
1549 2247 1638 2295 loci
1662 2251 1858 2305 restant,
1883 2247 2053 2312 quibus

242 2343 456 2392 sanandis
491 2344 658 2391 frustra
691 2345 864 2392 ferrum
899 2349 944 2392 et
976 2344 1132 2407 ignem
1168 2344 1379 2391 adhibuit
1411 2344 1592 2391 medica
1626 2345 1887 2392 criticorum
1920 2361 2006 2393 ars,

305 2441 382 2489 Ad
428 2442 713 2490 emendanda
753 2442 865 2490 haec
899 2442 1011 2491 vitia
1043 2442 1266 2489 librorum
1298 2458 1405 2490 mss.
1440 2441 1666 2489 auxilium
1701 2445 1770 2488 est
1805 2441 2051 2504 exiguum,

244 2543 365 2587 certe
416 2539 756 2588 secundarium.
825 2540 1140 2587 Numerantur
1185 2537 1372 2586 omnino
1417 2542 1510 2586 tres
1556 2542 1808 2602 quatuorve
1847 2538 2053 2597 codices,

243 2638 323 2702 qui
374 2636 434 2684 ad
482 2638 877 2699 Agamemnonem
911 2637 961 2685 in
996 2653 1187 2684 censum
1226 2636 1431 2684 veniunt.
1498 2635 1679 2682 Primus
1715 2639 1784 2682 est
1814 2635 2052 2683 Mediceus

245 2734 339 2782 sive
380 2734 717 2782 Laurentianus
756 2736 799 2783 A
839 2735 985 2783 seculi
1021 2734 1132 2791 Xmi,
1174 2733 1297 2781 unde
1339 2733 1748 2796 GuelferbytanUS,
1789 2732 2052 2780 Marcianus

246 2836 291 2879 et
336 2831 483 2879 codex
532 2831 841 2890 Bessarionis,
893 2836 946 2880 ut
991 2832 1048 2879 ab
1087 2830 1355 2878 Hermanno
1394 2833 1608 2886 vocatur,
1656 2829 1750 2877 sive
1784 2829 1991 2878 Venetus
2021 2834 2048 2877 2

244 2928 463 2986 Franzio,
510 2928 700 2976 derivati
744 2933 864 2978 sunt.
933 2929 1026 2977 Sed
1064 2945 1231 2991 magno
1271 2927 1454 2975 fabulae
1491 2926 1660 2974 damno
1698 2926 1873 2984 evenit,
1907 2931 1960 2974 ut
1992 2944 2049 2974 ex

246 3043 300 3074 eo
335 3024 492 3073 codice
527 3026 623 3087 jam
661 3026 840 3090 pridem
884 3027 976 3074 duo
1021 3043 1169 3090 paene
1201 3025 1368 3087 integri
1403 3024 1726 3088 quaterniones
1762 3024 2049 3081 evanuerint,

243 3140 335 3188 qua
382 3123 625 3170 amissione
669 3124 842 3171 factum
877 3128 929 3171 ut
961 3123 1162 3171 maxima
1195 3122 1376 3170 fabulae
1410 3137 1539 3185 pars,
1574 3119 1683 3167 inde
1720 3136 1744 3165 a
1780 3137 1845 3168 vs.
1888 3120 2050 3169 267-

247 3225 363 3279 964,
405 3224 450 3268 et
478 3237 504 3268 a
528 3237 591 3269 vs.
614 3223 739 3268 1053
766 3238 914 3286 usque
938 3221 996 3268 ad
1017 3222 1179 3278 finem,
1202 3218 1486 3267 interciderit
1503 3217 1582 3280 (*).
1629 3216 1834 3264 Eaedem
1856 3217 2048 3266 lacunae

298 3456 354 3509 (*)
392 3455 556 3495 Medicei
595 3454 730 3495 codicis
757 3453 995 3502 collationes,
1024 3455 1108 3494 tum
1137 3455 1306 3501 ceteras,
1335 3454 1420 3492 tum
1447 3465 1530 3492 eam
1558 3464 1671 3504 quam
1699 3451 1926 3504 nuperrime
1953 3452 2050 3492 feeit

249 3541 441 3589 Cobetus,
487 3555 574 3581 cum
616 3540 772 3593 reliquis
812 3538 999 3579 codicibus
1040 3541 1275 3593 comparatas
1316 3538 1599 3579 accuratissime
1638 3537 1837 3591 descripsit
1875 3537 2049 3578 Khielius

247 3629 439 3668 Mnemos.
471 3627 530 3668 II.
560 3641 599 3681 p.
630 3628 724 3667 335.
753 3627 799 3666 L.
819 3626 866 3665 B.
899 3627 1017 3666 1853.
