2340 3958
299 161 366 210 18
1043 156 1383 203 ΑΙΣΧΥΛΟΥ

602 316 931 380 σπευδομένα,
973 314 1136 367 θυσίαν
1175 315 1339 381 ἑτέραν
1377 314 1551 379 ἄνομόν
1588 318 1673 369 τιν’
1711 314 1931 378 ἄδαιτον,

597 426 776 480 νεικέων
815 426 1017 479 τέκτονα
1054 424 1311 493 σύμφυτον
1350 427 1401 478 οὐ
1442 425 1712 494 δεισανορα,
1753 424 1909 493 τεύξῃ.

304 542 407 592 14οο
741 535 903 600 μίμνει
946 534 1044 601 γαρ
1082 535 1275 604 φοβεροὶ
1314 536 1602 603 παλίνοργος

600 644 831 710 οἰκονόμος
871 643 1029 707 δολία,
1070 644 1276 709 μνάμων
1313 652 1452 709 μῆνις
1491 644 1796 704 τεκνόποινος.
2036 664 2111 703 155

598 755 755 808 τοιοίδε
792 754 1010 822 Κάλχας
1046 753 1131 818 ξύν
1167 754 1408 819 μεγαλοις
1446 757 1648 820 ἀγαθοῖς
1686 754 2006 819 ἀπέκλαγξεν

603 865 795 931 μόρσιμ’
832 861 921 916 ἀπ’
960 864 1138 932 ὀρνίθων
1175 864 1307 918 ὁδίων
1345 864 1481 926 οἴκοις
1518 866 1799 931 βασιλείοις·

968 982 1065 1033 τοῖς
1104 974 1143 1027 δ’
1185 974 1429 1043 ὁμόφωνον

745 1081 765 1101 Ἰ
959 1083 980 1103 Ἰ
1165 1084 1178 1101 9
1234 1084 1243 1103 Ι
1348 1083 1362 1101 Ν
1427 1086 1440 1103 5
1505 1081 1529 1103 ’δ’
1661 1084 1670 1103 Ι

311 1091 412 1139 145
709 1095 884 1137 αιλινον
924 1096 1100 1136 αιλινον
1139 1104 1271 1147 ειπε,
1310 1103 1366 1137 το
1399 1084 1424 1136 δ
1477 1105 1529 1138 ευ
1567 1104 1759 1139 νικατω.
2039 1103 2115 1142 159

494 1204 531 1248 Z
565 1195 578 1213 N
647 1193 670 1213 Pl
882 1197 895 1213 ἰ
925 1196 938 1212 9
1001 1194 1014 1212 ἱ
1117 1195 1130 1212 9
1199 1193 1248 1246 Ιδθ
1314 1195 1326 1212 9
1374 1195 1397 1205 '⁸'
1475 1193 1484 1211 Ι
1788 1195 1798 1214 l
2092 1214 2100 1225 ι

537 1216 614 1255 ευς
642 1214 765 1254 οςτις
786 1215 880 1247 ποτ
915 1214 1069 1258 εστιν,
1092 1215 1130 1247 ει
1149 1215 1204 1247 το
1268 1214 1400 1260 αυτῳ
1421 1198 1564 1262 φιλον
1582 1206 1878 1261 κεκλημενῳ,
1945 1231 2028 1270 erp.
2063 1232 2114 1257 a.

862 1304 1007 1358 τοῦτό
1042 1324 1107 1357 νιν
1145 1304 1447 1370 προςεννέπω.

605 1418 685 1468 οὐκ
724 1414 824 1480 ἔχω
865 1412 1172 1480 προςεικοὶσαι
1193 1455 1208 1475 ,

1254 1411 1399 1466 πάντ’
1442 1412 1864 1477 ἐπισταθμώμενος
1878 1455 1890 1478 ,

604 1527 730 1588 πλὴν
771 1525 911 1588 Διὸς,
949 1521 995 1578 οἷ
1026 1523 1081 1578 τὸ
1118 1522 1288 1588 ματαν
1319 1524 1419 1578 οέπὸ
1457 1524 1700 1593 φροντίδος
1731 1523 1883 1591 ἄχθος
2043 1544 2119 1582 165

314 1640 416 1689 150
862 1636 958 1701 χρὴ
997 1634 1174 1698 βαλεῖν
1212 1634 1489 1699 ἐτητύμως·

314 1872 367 1915 V.
399 1872 477 1912 139
505 1871 712 1926 δεισήνορα.
773 1870 867 1910 140.
897 1873 1129 1926 παλίνορτος.

312 2049 511 2090 victoriam
539 2048 692 2101 quidem
719 2048 950 2102 portendens
964 2081 976 2097 ‚
1008 2048 1073 2089 sed
1100 2061 1178 2089 nou

313 2116 387 2157 nisi
414 2118 502 2169 post
527 2129 671 2157 novem
700 2128 890 2156 annorum
913 2115 1074 2156 labores.
1131 2115 1180 2155 Id

314 2184 443 2223 autem
467 2184 509 2223 in
534 2183 698 2224 transitu
707 2185 859 2224 tantum
873 2183 1015 2223 indicat
1029 2184 1180 2224 Chorus

314 2254 353 2291 et
379 2263 538 2291 narrare
565 2251 696 2304 pergit
725 2263 769 2291 ea
795 2263 892 2303 quae
917 2251 1048 2291 statim
1072 2251 1178 2291 dein·

316 2332 403 2373 ceps
432 2320 559 2359 secuta
581 2321 685 2359 sunt.

374 2387 466 2426 138.
529 2387 763 2439 σπευδομένα
815 2398 887 2439 pro
943 2387 1149 2428 σπεύδουσα
1165 2419 1176 2440 ‚

251 2460 254 2465 ’
311 2466 546 2507 properans,
590 2456 770 2495 celeriter
809 2454 986 2494 moliens.
1041 2454 1182 2494 Rarior

316 2522 432 2561 medii
458 2522 604 2570 forma,
635 2521 848 2574 cujusmodi
874 2520 988 2575 plura
1010 2521 1181 2575 exempla

318 2590 407 2629 sunt
433 2589 535 2642 apud
562 2588 809 2641 Aeschylum.
847 2589 925 2630 vid.
955 2590 1106 2629 Comm.
1135 2589 1182 2630 ad

318 2669 375 2696 vs.
392 2656 471 2696 269
486 2657 612 2707 (304).
640 2658 767 2698 θυσίαν
781 2658 918 2714 ἑτέραν
931 2689 942 2709 ,
959 2657 1001 2696 h.
1017 2669 1051 2696 e.
1065 2654 1183 2697 talem

319 2722 468 2774 qualem
509 2722 635 2776 eloqui
677 2727 859 2775 veretur,
917 2727 962 2764 ut
1001 2737 1059 2765 vs.
1103 2725 1182 2765 199

322 2792 507 2844 χείματος
524 2794 616 2832 ἄλλο
638 2799 778 2848 μῆχαρ
792 2815 842 2821 -
862 2794 1063 2845 ἔκλαγξεν,
1093 2795 1185 2834 ἄλλο

320 2858 411 2897 dicit
438 2872 514 2898 non
542 2861 694 2912 pecudis
709 2891 721 2908 ‚
752 2861 816 2900 sed
843 2860 1009 2900 hominis
1036 2860 1179 2900 sacrifi-

321 2925 443 2972 cium,
490 2926 591 2977 quod
631 2926 756 2979 eloqui
796 2926 932 2968 noluit.
999 2927 1184 2984 σὺμφυτον

322 2994 379 3031 est
399 2992 500 3031 idem
520 2994 619 3045 quod
639 3002 808 3047 συγγενῆ,
828 2999 871 3035 ut
885 3007 1000 3048 supra
1014 3008 1072 3036 vs.
1089 2995 1181 3043 107,

321 3072 551 3111 quamquam
605 3062 784 3114 paullum,
825 3061 998 3102 dissimili
1037 3062 1180 3115 signifi-

323 3126 482 3166 catione.
525 3127 602 3167 Hic
630 3131 737 3169 notat
760 3134 968 3182 coquatus,
987 3131 1026 3170 et
1043 3135 1186 3172 νεικέων

323 3199 479 3235 τέκτονα
508 3194 692 3250 σύμφυτον
729 3196 859 3235 eodem
899 3197 1011 3237 modo
1039 3197 1184 3237 dictum

324 3265 382 3300 est
408 3273 482 3311 quo
509 3261 549 3300 in
578 3262 775 3314 Sophoclis
804 3264 895 3303 Ant.
925 3263 1032 3306 703:
1073 3269 1186 3311 νεῖκος

323 3328 463 3384 ἀνδρῶν
489 3329 675 3382 ξύναιμον.
703 3354 756 3359 --
784 3333 823 3370 οὐ
853 3332 1048 3388 ὃεισάνορα
1066 3364 1078 3384 ,
1110 3331 1186 3371 viri

325 3396 483 3446 (mariti)
521 3398 793 3437 irreverentem
806 3428 818 3445 ,
858 3411 936 3437 non
963 3401 1186 3451 parcentem

325 3462 488 3503 marito:
531 3477 605 3516 quo
647 3463 972 3516 Clytaemestrae
998 3466 1039 3505 in
1067 3466 1183 3506 mari-

325 3531 410 3570 tum
429 3530 557 3571 odium
580 3534 618 3571 et
633 3531 789 3571 insidiae
797 3534 896 3571 tecte
906 3532 1184 3585 significantur.

1195 1870 1288 1910 149.
1319 1872 1415 1912 εἰτὸ
1437 1874 1579 1924 μάταν.

1315 2047 1410 2088 146.
1439 2046 1666 2087 Nax-rationi
1680 2046 1978 2100 interponuntur
1993 2060 2124 2101 preces

1260 2116 1299 2155 et
1321 2115 1554 2164 sententiae,
1596 2114 1734 2167 quibus
1762 2116 1913 2156 Chorus
1940 2115 2121 2156 sollicitu-

1260 2182 1387 2222 dinem
1442 2195 1550 2222 suam
1603 2183 1649 2222 de
1698 2182 1788 2223 belli
1828 2185 1965 2223 eventu
2002 2196 2122 2223 enun-

1259 2250 1333 2290 tiat
1378 2251 1417 2290 et
1444 2249 1558 2291 simul
1584 2250 1801 2304 religion
1827 2253 1992 2291 testatur
2018 2265 2122 2292 sum-

1260 2317 1315 2357 mi
1359 2318 1470 2359 Jovis
1523 2318 1798 2366 reverentiam,
1852 2320 1897 2358 ut
1935 2319 1976 2358 in
2017 2319 2126 2371 cujus

1261 2384 1420 2425 numine
1457 2398 1502 2426 ao
1540 2385 1780 2439 providentia
1820 2385 1943 2426 solum
1978 2386 2128 2427 invenit

1262 2465 1444 2493 curarum
1485 2466 1642 2494 suarum
1676 2453 1913 2507 perfugium.
1967 2455 2128 2507 Jupiter

1261 2520 1436 2574 quisquis
1464 2525 1546 2570 est,
1575 2522 1689 2562 illum
1703 2521 1863 2562 invoco.-
1890 2535 1982 2562 nam
1995 2523 2126 2562 omnia

1258 2589 1501 2641 perpendens
1527 2589 1655 2638 nihil,
1685 2593 1843 2642 excepto
1870 2590 1993 2638 Jove,
2023 2602 2124 2630 com-

1262 2656 1419 2696 minisci
1459 2669 1612 2709 pos-sum
1653 2669 1728 2710 quo
1768 2670 1950 2697 curarum
1969 2657 2126 2709 pondus

1262 2723 1470 2775 abjiciam,
1509 2723 1590 2764 sive
1623 2723 1664 2764 in
1694 2725 1779 2777 [quo
1807 2724 1995 2777 deponam
2021 2722 2123 2764 solli-

1263 2790 1448 2831 citudines
1475 2803 1572 2843 quae
1597 2803 1660 2830 me
1686 2794 1881 2844 premunt.

1318 2859 1405 2904 Ζεὺς
1433 2859 1535 2905 ὅστις
1564 2856 1650 2900 ποτ’
1677 2860 1799 2912 ἐστίν,
1840 2858 2020 2912 precandi
2046 2859 2125 2898 for-

1261 2924 1366 2965 mula
1393 2926 1483 2966 satis
1510 2927 1703 2979 frequens.
1734 2927 1824 2967 Vid.
1849 2924 2001 2966 Platon.
2018 2926 2122 2966 Crat.

1263 3007 1305 3047 p.
1333 2994 1414 3034 400
1442 2993 1489 3033 E.
1517 2993 1620 3033 laud.
1645 2993 1789 3034 Blomf.
1831 2993 1891 3033 Ad
1921 2996 1956 3034 εἰ
1981 2991 2060 3034 τόδ’
2088 2996 2127 3033 et

1265 3064 1375 3103 τοῦτο
1417 3061 1552 3114 supple
1588 3064 1633 3104 τὸ
1670 3062 1786 3114 ὄνομα
1826 3061 1927 3106 Ζεὺς.
1969 3065 2125 3103 ἐπιστα-

1267 3134 1485 3181 θμώμενος,
1528 3130 1585 3169 ad
1610 3142 1771 3169 examen
1798 3141 2007 3176 revocans,
2030 3144 2124 3182 per-

1257 3196 1461 3248 pendens,
1503 3195 1579 3236 nisi
1605 3195 1731 3249 potius
1758 3195 1998 3235 scribendum
2026 3202 2121 3239 ἀπο-

1268 3267 1548 3316 σταθμώμενος.
1579 3286 1633 3292 -—
1672 3266 1750 3305 ἀπὸ
1785 3264 1974 3319 φροντίδος
2006 3269 2125 3319 ἄχθος

1267 3333 1400 3384 βαλεῖν
1440 3331 1571 3370 tmesis
1598 3343 1670 3384 pro
1697 3334 1908 3386 ἀποβαλεῖν
1936 3333 2126 3388 φροντίδος

1268 3402 1409 3452 ἅχθος;
1448 3397 1629 3450 intelligit
1655 3397 1967 3447 sollicitudinem,
2011 3412 2126 3452 quam

1267 3466 1361 3504 dixit
1378 3477 1436 3504 vs.
1454 3465 1533 3505 102
1548 3467 1587 3504 et
1599 3478 1688 3505 mox
1699 3479 1755 3506 vs.
1769 3466 1848 3506 250
1858 3479 1931 3518 sq.‚
1947 3467 2124 3506 eandem-

1266 3545 1340 3584 que
1365 3532 1597 3584 gravissimis
1623 3532 1748 3574 verbis
1768 3534 1941 3574 enuntiat
1955 3547 2010 3575 νε.
2028 3534 2122 3577 975.
