2340 3958
282 174 347 221 28
780 217 784 222 .
1014 180 1358 226 ΑΙΣΧΥΛΟΥ

619 447 747 510 φοὲος
785 447 834 499 δὲ
871 446 1184 511 τηλέπομπον
1219 444 1300 500 οῦκ
1339 446 1549 508 ἠναίνετο

612 340 794 405 ἤγειρεν
830 336 988 398 ἄλλην
1027 337 1228 403 ἐκδοχὴν
1266 342 1463 402 πομποῦ
1502 337 1661 403 πυρός.

2009 465 2087 503 300

610 557 792 625 φρουροὶ
829 555 1215 624 προςαιθρίζουσα
1252 556 1503 622 πόμπιμον
1540 555 1747 625 φλόγα·

620 667 793 731 λίμνην
830 666 870 718 δ’
908 666 1022 733 ὑπὲρ
1060 670 1303 733 Γοργῶπιν
1343 666 1552 733 ἔσκηψεν
1589 664 1749 733 φαος,

622 777 715 843 ὅρος
752 780 799 830 τ’
837 779 914 830 ἐπ’
950 777 1332 841 Αἰγίπλαγκτον
1370 776 1689 842 ἐξικνούμενον

609 998 853 1062 πέμπουσι
894 998 933 1050 δ’
971 997 1241 1058 οὲνδαίοντες
1279 997 1470 1066 οξφθόνῳ
1508 997 1637 1060 μένει

613 887 822 954 ὥτρύνεθ’
860 888 1006 952 ἑσμὸν
1043 887 1397 955 μηχαρίζεσθαι
1435 888 1594 954 πυρός.

2010 1012 2088 1050 305

609 1107 799 1175 φλογὸς
838 1107 1003 1171 μέγαν
1041 1107 1254 1170 πώγωνα
1292 1110 1397 1173 χώς
1436 1110 1704 1173 Σαρωνικοῦ

621 1218 828 1283 πορθμοῦ
867 1215 1108 1271 κάτοπτον
1147 1221 1287 1282 πρῶν’
1325 1215 1652 1284 ὑπερβάλλειν
1690 1214 1845 1282 πρόσω

610 1327 898 1394 φλέγουσαν
916 1344 928 1355 ·
969 1324 1056 1380 εἶτ’
1096 1327 1306 1394 ἔσκηψεν
1345 1326 1439 1386 ἔςτ’
1478 1327 1686 1395 οὶφίκετο

612 1545 806 1600 κᾶπειτ’
845 1548 1091 1613 Ἀτρειδῶν
1128 1549 1177 1607 ἐς
1220 1547 1329 1601 τόδε
1366 1547 1571 1610 σκήπτει
1599 1545 1779 1609 στέγος

614 1439 905 1502 Ἀραχναῖον
944 1433 1116 1499 αἶπος,
1158 1436 1511 1500 ἀστυγείτονας
1549 1434 1738 1494 σκοπάς
1754 1455 1764 1463 ·

2005 1562 2085 1601 310
2111 1603 2114 1605 Α

614 1656 742 1724 φοέος
786 1656 883 1710 τόδ’
922 1659 1004 1710 οὐκ
1041 1655 1284 1711 ἄπαππον
1318 1657 1487 1710 Ἰδαίου
1525 1655 1722 1720 πατρός.

613 1765 766 1820 τοιοίδ’
803 1765 978 1832 ἕτοιμοι
1015 1766 1419 1835 λαμπαδηφόρων
1457 1767 1612 1831 νόμοι,

282 1943 334 1984 V.
364 1944 456 1983 268.
486 1944 597 1983 Fort.
625 1943 701 1997 leg.
731 1948 884 1998 ἔσκηψεν
912 1949 1029 2001 θορόν.

280 2054 332 2094 V·
363 2054 456 2097 267.
486 2053 594 2094 Libri
623 2030 767 2111 φρουρὰ
791 2058 900 2096 πλέον
924 2057 1079 2097 καίουσα
1106 2063 1180 2097 τῶν
1203 2059 1417 2111 εἰρημένων.
1478 2053 1652 2093 Alteram
1688 2051 1890 2091 lectionem
1930 2063 1977 2090 ex
2004 2050 2090 2090 He·

332 2126 461 2178 sychio
499 2125 662 2179 protulit
691 2127 926 2168 Dindorfius.
983 2128 1076 2170 270.
1109 2131 1247 2184 ὤτρυνε
1274 2130 1410 2180 θεσμὸν
1437 2132 1493 2180 μὴ
1514 2128 1743 2182 χαρίζεσθαι
1764 2129 1883 2180 πυρός
1910 2121 2013 2162 libri.
2047 2124 2090 2172 δὴ

334 2202 562 2256 χαρίζεσθαι
599 2200 719 2240 Farn·
770 2200 864 2243 272.
909 2204 972 2242 καὶ
1005 2210 1098 2257 Σαρ.
1134 2222 1189 2228 -
1229 2203 1442 2256 κάτοπτρον
1479 2195 1607 2255 πρῶν’.

1678 2197 1774 2240 274.
1814 2194 1884 2238 εἶτ’
1918 2199 2086 2252 ἀφίκετο.

339 2273 434 2315 276.
477 2272 580 2330 Ἀτρ.
621 2277 751 2326 ἐστόγε
779 2280 950 2320 σκήπτει.
1010 2274 1117 2313 Hinc
1158 2272 1294 2326 incipit
1318 2271 1455 2312 lacuna
1481 2271 1523 2311 in
1551 2271 1612 2311 M.
1670 2270 1765 2314 277.
1794 2267 1927 2312 Ἰδαίου
1958 2276 2088 2327 πυρός.

338 2346 433 2389 278.
463 2350 595 2399 ἕτυμοι
623 2346 686 2386 Fl.
715 2349 861 2400 ἕτοιμοι
888 2346 935 2386 Β.
965 2346 1085 2386 Farn.

336 2491 431 2534 267.
462 2494 741 2548 προςαιθρίζειν
757 2504 801 2531 ex
819 2493 1140 2549 προςαιθερίζειν,

281 2561 324 2599 ut
351 2571 407 2598 vs.
428 2559 507 2598 536
550 2562 694 2616 ἔθρισεν
720 2572 791 2613 pro
820 2564 997 2616 ἐθέρισεν.
1044 2561 1143 2600 Ver-

280 2626 371 2666 bum
400 2626 668 2678 Aeschyleum.

339 2693 432 2733 268.
477 2696 586 2747 λίμνη
627 2703 821 2751 Γοργῶπις
860 2708 980 2747 quum
1023 2708 1141 2748 pona-

281 2763 347 2800 tur
388 2761 491 2801 inter
535 2762 807 2802 Cithaeronem
848 2765 887 2802 et
914 2762 1143 2816 Aegiplanc-

282 2831 367 2867 tum
383 2859 394 2875 ‚
425 2828 497 2868 sita
524 2841 604 2869 esse
632 2828 761 2870 debuit
786 2829 828 2870 in
851 2831 1075 2884 Megaride,
1106 2833 1146 2871 et

283 2895 513 2936 Corinthum
553 2897 715 2950 quidem·
744 2910 903 2946 versus,
946 2901 993 2939 ut
1020 2898 1147 2952 colligi

282 2964 409 3015 potest
436 2976 456 3002 e
483 2965 618 3016 mytho
655 2978 770 3017 quem
797 2966 917 3006 refert
945 2965 1143 3018 Etymolo-

282 3042 354 3082 gns
396 3031 458 3071 M.
499 3045 539 3084 p.
571 3032 674 3078 384,
719 3034 794 3081 32,
837 3034 903 3086 qui
943 3035 1146 3087 postquam

281 3097 377 3137 dixit
403 3111 486 3138 eam
514 3100 620 3151 prius
647 3098 892 3155 Ἐσχατιῶτιν
917 3101 1056 3142 dictam
1086 3114 1144 3141 es·

282 3178 343 3212 se,
374 3167 551 3222 ὕστερον,
596 3168 747 3219 inquit,
796 3178 988 3226 Γοργῶπις
1015 3172 1145 3216 ἐκλήθη

283 3237 359 3275 ἀπὸ
400 3239 540 3290 Γόργης
579 3242 647 3283 τῆς
684 3243 890 3293 Μεγαρέως
935 3241 1142 3294 θυγατρὸς,

283 3305 448 3353 γυναικὸς
494 3305 687 3359 Κορίνθου,
733 3308 818 3351 ἥτις
854 3306 1047 3346 ἀκούσασα
1085 3308 1147 3346 τὸν

283 3377 355 3409 τῶν
380 3370 522 3410 παίδων
550 3376 675 3423 φόνον,
705 3374 911 3426 περιαλγὴς
939 3380 1142 3426 γενομένη,

284 3440 433 3493 ἐζοριψεν
460 3439 595 3486 ἑαυτὴν
622 3442 674 3484 εἰς
701 3444 767 3487 τὴν
796 3441 936 3491 λίμνην.

342 3505 436 3547 272.
465 3508 594 3559 φλογὸς
623 3524 667 3558 μ.
699 3513 871 3558 πώγωνα.
904 3508 1059 3548 Dictum
1075 3509 1146 3547 hoc

285 3572 454 3613 imitatus
494 3576 549 3613 est
591 3573 814 3626 Euripides,
857 3561 952 3615 teste
979 3575 1140 3615 Photio:

1224 2499 1391 2544 Πώγωνα
1419 2495 1557 2546 πυρός,
1597 2494 1664 2537 τὴν
1698 2492 1887 2545 ἀναφορὰν
1922 2491 1989 2528 τοῦ
2015 2502 2089 2529 πυ-

1226 2565 1318 2617 ρὸς·
1362 2559 1563 2615 Εὐριπίδης
1603 2558 1743 2613 Φρίξῳ.
1799 2554 1927 2596 Simili
1965 2557 2088 2595 meta-

1224 2628 1348 2680 phora
1373 2626 1414 2666 in
1436 2626 1570 2666 Prom.
1599 2638 1658 2666 vs,
1675 2623 1781 2664 1044
1808 2623 1946 2663 dicitur
1973 2626 2090 2679 πυρὸς

1225 2701 1401 2750 ἀμφήκης
1427 2699 1655 2751 βόστρυχος.
1702 2692 1765 2730 Cf.
1783 2690 1927 2730 Blomf.
1956 2699 2091 2746 Σαρω-

1225 2767 1321 2805 νικοῦ
1348 2777 1390 2803 π.
1423 2766 1610 2805 κάτοπτον
1636 2769 1765 2816 πρῶνα
1792 2757 1886 2798 dicit
1902 2769 2089 2810 promon-

1226 2831 1370 2871 tarium
1391 2830 1638 2882 conspicuum
1665 2840 1697 2866 s.
1713 2826 1884 2866 eminens
1907 2825 1950 2864 in
1975 2823 2088 2864 litore

1226 2898 1331 2937 sinus
1360 2896 1558 2943 Saronici‚
1601 2896 1694 2948 puta
1733 2907 1756 2933 a
1797 2894 1907 2945 parte
1934 2890 2089 2943 Argoli-

1226 2966 1306 3013 dis,
1349 2964 1450 3017 quod
1491 2975 1675 3016 superans
1715 2962 1869 3000 flamma
1913 2958 2090 3013 pervenit

1226 3032 1274 3072 ad
1300 3045 1356 3071 m.
1374 3031 1654 3071 Arachnaeum.
1696 3028 1878 3068 Ceterum
1906 3027 1956 3066 cf.
1971 3026 2087 3065 Com-

1226 3102 1347 3140 ment.
1402 3101 1691 3155 μηχαρίζεσθαι
1730 3109 1753 3135 a
1793 3102 1934 3150 μῆχαρ
1975 3094 2018 3134 h.
2053 3106 2087 3132 e.

1226 3172 1406 3222 μηχάνη,
1446 3169 1491 3206 ut
1519 3165 1631 3206 modo
1658 3165 1964 3220 προςαιθρίζειν,
1997 3173 2091 3214 Ρΐοό

1226 3237 1357 3289 prium
1383 3236 1518 3287 poetae
1543 3230 1717 3272 verbnm.

1281 3302 1375 3345 278.
1391 3297 1518 3342 τοιοίδ’
1532 3303 1674 3352 ἕτοιμοι
1690 3300 1766 3339 κτὲ.
1800 3300 1949 3350 ἕτοιμος
1956 3308 2088 3349 prom-

1228 3375 1316 3416 tus,
1356 3381 1469 3421 scopo
1507 3368 1586 3407 sive
1612 3366 1764 3406 muneri
1793 3378 1859 3405 suo
1888 3363 2002 3417 plane
2027 3377 2088 3404 sa·

1226 3437 1432 3477 tisfaciens.
1491 3453 1509 3469 υ
1523 3434 1623 3474 Talis
1666 3434 1819 3473 demum
1851 3434 2004 3486 promta
2032 3436 2089 3471 est

1228 3505 1526 3559 λαμπαδηφορία
1546 3536 1557 3555 ,
1588 3503 1628 3541 in
1655 3515 1729 3554 qua
1743 3514 1844 3549 non,
1859 3503 1905 3540 ut
1918 3498 2032 3552 vulgo
2047 3499 2087 3538 in

1227 3572 1445 3625 lampadum
1469 3583 1611 3623 agone,
1638 3570 1876 3610 decrescente
1890 3566 2085 3620 paullatim
