2340 3958
877 195 1350 244 ΑΓΑΜΕΜΝΩΝ.
1990 194 2016 243 7

347 359 500 413 κλαίω
538 356 639 413 τότ’
677 355 799 411 οἴκου
837 358 973 411 τοῦδε
1012 357 1269 426 συμφοράν
1306 355 1507 418 στένων,

347 472 442 536 οὐχ
480 471 541 529 ὥς
579 469 648 522 τοὶ
686 467 845 536 πρόσθ’
884 468 1063 535 άριστα
1099 467 1484 533 διαπονουμένου.

350 696 429 745 νῦν
468 691 509 743 δ’
551 690 764 755 εὐτυχὴς
803 687 976 751 γένοιτ’
1015 688 1304 749 άπαλλαγὴ
1344 685 1494 739 πόνων
1975 705 2026 744 20

202 803 269 853 20
348 800 626 864 εὐαγγέλου
663 799 898 869 φανέντος
936 797 1160 867 ὀρφναίου
1201 796 1370 864 πυρός;

349 907 383 963 ὦ
419 915 567 976 χαῖρε
605 910 844 975 λαμπτὴρ
883 907 1079 968 νυκτὸς,
1122 908 1371 975 ἡμερήσιον

346 1017 476 1089 φάος
515 1018 811 1089 πιφαύσκων
847 1017 932 1071 καὶ
969 1021 1123 1085 χορῶν
1161 1016 1473 1071 κατάστασιν

343 1132 535 1183 πολλῶν
575 1130 624 1182 ἐν
655 1128 863 1196 ”Αργει,
905 1129 1047 1192 τῆςδε
1083 1130 1343 1198 συμφοράς
1381 1126 1542 1196 χάριν.

572 1238 640 1292 ἰοὺ
681 1238 765 1292 ἰού.

1980 1257 2030 1295 25

203 1354 270 1403 25
347 1349 715 1414 Ἀγαμέμνονος
755 1347 947 1411 γυναικὶ
989 1348 1208 1413 σημαίνω
1246 1353 1414 1416 τορῶς,

313 1449 317 1452 ”
352 1462 488 1522 εὐνῆς
526 1457 893 1513 ἐπαντείλασαν
931 1459 991 1518 ὥς
1030 1457 1216 1524 τάχος,
1258 1457 1415 1523 δόμοις

350 1569 625 1635 ὀλολυγμὸν
663 1570 984 1636 εὐφημοῦντα
1022 1569 1138 1637 τῇδε
1175 1568 1407 1634 λαμπάδι

352 1679 660 1748 ἐπορθιάζειν,
703 1677 833 1746 εἴπερ
867 1678 1008 1732 Ἰλίου
1047 1678 1188 1739 πόλις

352 1790 588 1854 ἑάλωκεν,
629 1791 690 1848 ὥς
729 1790 750 1842 ὃ
789 1789 1004 1858 φρυκτὸς
1042 1789 1312 1854 άγγέλλων
1350 1788 1544 1856 πρέπει·
1983 1809 2036 1848 30

204 1906 270 1956 30
349 1902 496 1962 αὐτός
532 1904 577 1955 τ’
617 1900 779 1965 ἔγωγε
817 1899 1036 1970 φροίμιον
1073 1900 1401 1967 χορεύσομαι·

201 2080 254 2122 V.
285 2080 352 2121 19.
381 2080 450 2120 20.
481 2078 608 2132 Vulgo
637 2079 725 2131 post
754 2083 872 2135 πυρός
899 2090 971 2131 pro
999 2078 1110 2130 signo
1137 2076 1401 2130 interrogandi
1430 2074 1541 2117 colon
1564 2076 1736 2130 ponitur.
1794 2078 1862 2117 24.
1892 2077 2036 2119 Herm.

257 2155 296 2194 et
320 2153 437 2193 Dind.
460 2154 616 2192 auctore
631 2151 748 2191 Suida
773 2150 947 2191 scribunt
974 2154 1029 2193 ἰοῦ
1045 2155 1113 2193 ἰοῦ.
1173 2152 1241 2192 25.
1274 2152 1445 2203 σημαίνω
1460 2150 1522 2189 Μ.
1540 2153 1578 2190 et
1593 2151 1643 2189 G.
1703 2150 1833 2190 Ceteri
1863 2160 2035 2204 σημανῶ.

203 2301 252 2342 ab
293 2304 547 2356 ἀντίμολπον;
602 2303 660 2340 est
708 2300 810 2340 idem
851 2300 954 2354 quod
997 2302 1082 2344 τόδε

205 2373 355 2424 μολπῆς
373 2375 462 2417 ἄκος
487 2373 571 2411 ἀντὶ
597 2371 730 2423 ὕπνου,
750 2370 889 2410 cantas
912 2370 1082 2409 lenimen

204 2451 379 2479 somnum
409 2451 674 2490 compensans,
720 2438 784 2478 Sic
799 2437 921 2490 Soph.
938 2438 1078 2478 Trach.

207 2505 288 2545 640
319 2508 430 2548 αὐλοῦ
459 2510 628 2560 καναχάν
656 2505 747 2545 dicit
763 2508 868 2552 θείας
890 2507 1083 2562 ἀντίλυρον

206 2575 366 2627 μούσας.
426 2571 599 2614 Verbum
638 2577 821 2627 ἐντέμνειν
847 2573 1008 2627 proprie
1033 2573 1079 2612 de

205 2641 493 2682 medicamentis
521 2641 676 2681 dicitur.

264 2709 331 2749 19.
351 2709 419 2750 20.
452 2712 512 2749 νῦν
541 2707 572 2749 δ’
588 2711 748 2764 εὐτυχὴς
776 2708 910 2762 γένοιτ’
927 2733 982 2738 -
1011 2725 1084 2751 πυ-

208 2781 302 2832 ρός;
334 2775 441 2816 Huic
469 2776 595 2816 versui
625 2790 696 2830 pro
725 2777 807 2817 colo
836 2778 989 2830 signum
1018 2777 1078 2816 in-

207 2844 430 2896 terrogandi
457 2844 633 2898 apposui.
674 2846 766 2884 Non
793 2845 895 2884 enim
924 2844 1081 2899 optandi

209 2923 322 2951 sensu
346 2911 440 2951 haee
464 2911 580 2951 verba
605 2912 824 2965 accipienda
840 2915 956 2966 puto:
989 2926 1080 2952 nam

209 2978 399 3031 quomodo
426 2982 560 3032 optare
601 2984 755 3033 poterat
796 2983 840 3020 ut
857 2981 949 3032 jam
978 2994 1083 3020 nunc

209 3046 340 3094 fieret,
370 3046 471 3098 quod
487 3047 550 3087 vix
566 3060 734 3099 unquam
750 3051 977 3087 eventurum
992 3060 1078 3101 spe-

211 3111 353 3152 rabat?
396 3115 497 3154 Sunt
538 3114 665 3159 notius
709 3114 827 3155 verba
864 3116 1083 3168 quaerentis

214 3191 302 3220 cum
329 3180 590 3230 dubitatione,
622 3196 718 3234 quae
746 3187 803 3223 est
833 3184 889 3223 vis
905 3183 1082 3237 optativi.

215 3247 292 3286 Res
333 3248 386 3289 sio
430 3249 667 3302 explicanda.
724 3251 818 3291 Post
859 3264 1082 3305 praegressa

215 3312 316 3353 dieta
340 3316 386 3355 fit
424 3316 549 3369 aliqua
585 3317 765 3370 loquendi
804 3331 947 3371 pausa,
991 3319 1084 3358 dum

219 3381 358 3421 Custos
398 3383 443 3423 de
482 3397 616 3425 rerum
658 3386 953 3426 domesticarum
981 3390 1083 3427 statu

220 3448 377 3501 cogitat.
431 3452 647 3506 Derepente
683 3454 787 3494 videt
828 3467 849 3493 e
876 3454 1084 3507 longinquo

220 3515 363 3567 aliquid
389 3516 563 3569 ruboris,
593 3521 642 3561 ad
679 3522 780 3574 quod
811 3521 988 3562 dubitans
1019 3535 1084 3562 ex-

225 3583 390 3624 clamat:
437 3586 585 3627 nNunc
624 3589 724 3629 forte
764 3592 894 3643 optata
930 3589 995 3630 illa
1021 3589 1087 3629 lux

1166 2299 1409 2354 appareat?”
1454 2323 1509 2330 -
1551 2299 1642 2340 Jam
1693 2299 1870 2353 agnoscit
1909 2299 2042 2340 lumen

1165 2369 1302 2409 clarius
1351 2367 1624 2421 effulgescens,
1669 2367 1783 2420 idque
1824 2370 1868 2408 ut
1912 2369 2039 2408 orien-

1164 2446 1244 2478 tem
1297 2436 1416 2477 solem
1467 2435 1627 2476 salutat:
1686 2437 1714 2477 ὦ
1760 2443 1879 2493 χαῖρε
1912 2439 2042 2489 λαμπ-

1165 2513 1254 2562 τήρ.
1296 2504 1394 2544 Mox
1419 2502 1589 2543 subitum
1617 2503 1800 2555 gaudium
1824 2504 1908 2555 jam
1933 2504 2044 2557 peni-

1164 2578 1226 2614 tus
1268 2572 1507 2626 persentiens
1550 2571 1738 2611 exclamat
1779 2573 1834 2613 Ζοὺ
1876 2572 1932 2613 lob
1947 2602 1964 2621 ,
2007 2574 2046 2611 et

1166 2640 1342 2694 reginam
1388 2639 1462 2678 hoc
1501 2639 1639 2678 nuntio
1686 2638 1800 2679 beare
1841 2642 2042 2693 properat.

1166 2710 1259 2749 Non
1302 2708 1423 2761 igitur
1465 2719 1638 2746 caussam
1683 2719 1763 2746 esse
1804 2709 1925 2760 puto,
1970 2719 2043 2747 cur

1166 2777 1259 2817 illud
1304 2777 1358 2817 ἰοὺ
1403 2776 1456 2816 ἰοὺ
1499 2787 1586 2814 oum
1629 2774 1860 2815 Hermanno
1889 2776 1978 2815 ante
2010 2776 2040 2816 ὦ

1168 2851 1286 2900 χαῖρε
1317 2847 1506 2898 λαμπτὴρ
1532 2843 1824 2895 transponatur.

1222 2913 1289 2952 21.
1319 2915 1527 2966 ἡμερήσιον
1570 2914 1661 2966 φάος
1701 2912 1866 2963 figurate
1893 2909 2038 2951 dictum

1162 2982 1206 3019 ut
1231 2980 1333 3019 infra
1360 2992 1417 3018 vs.
1450 2978 1544 3019 522.
1586 2979 1695 3018 Pers.
1730 2980 1834 3018 300:
1867 2979 2038 3031 δώμασιν

1165 3053 1254 3103 φάος
1296 3053 1400 3100 μέγα
1442 3049 1505 3087 καὶ
1546 3048 1670 3087 λευκὸν
1696 3049 1809 3104 ἦμαρ
1839 3050 1964 3093 νυκτὸς
1996 3051 2037 3087 ἐκ

1167 3118 1425 3169 μελαγχίμου.
1474 3117 1679 3171 ἡμερήσιον
1702 3116 1766 3154 hic
1794 3115 1898 3155 idem
1926 3117 2037 3154 notat

1164 3185 1264 3235 quod
1289 3187 1479 3239 ἡμερινὸν.

1222 3252 1289 3291 26.
1321 3252 1451 3304 δόμοις
1465 3274 1517 3282 —-
1539 3255 1789 3307 ἐπορθιάζειν.
1811 3251 1939 3303 δόμοις
1962 3262 2041 3290 non

1165 3321 1222 3358 est
1251 3323 1287 3360 ἐν
1317 3320 1470 3372 δόμοις,
1517 3319 1583 3359 sed
1610 3319 1767 3366 domui,
1812 3322 1855 3358 ut
1883 3318 2040 3358 domum

1164 3387 1273 3439 quasi
1310 3387 1539 3440 participem
1579 3386 1695 3426 faciat
1731 3386 1858 3439 gaudii
1885 3386 1957 3426 sui.
1990 3385 2042 3426 cf.

1165 3455 1266 3494 infra
1295 3467 1351 3495 vs.
1380 3455 1501 3495 1119.
1546 3454 1707 3494 Dativus
1737 3455 1915 3507 λαμπάδι
1945 3465 2040 3505 pen·

1168 3522 1232 3561 det
1259 3533 1281 3561 a
1310 3522 1592 3575 praepositione
1622 3520 1729 3562 verbi
1762 3525 2038 3578 ἐπ-ορθιάζειν.

1228 3590 1297 3630 30.
1313 3595 1488 3646 φροίμιον
1500 3591 1748 3646 χορεύσομαι.
1764 3594 1938 3646 φροίμιον
1950 3600 2041 3641 pro-
