2340 3958
950 218 1417 265 ΑΓΑΜΕΜΝΩΝ.
1995 212 2063 259 99

252 382 390 432 1325
614 377 669 432 οὔ
706 397 784 444 μοι
823 377 980 447 φόβος
1018 376 1265 444 μελάθρων
1303 376 1432 436 ἐντὸς
1471 378 1714 441 ἐμπατεῖ,

619 489 704 549 ἕως
742 488 803 543 ἂν
842 487 947 557 αἴθη
984 493 1077 555 πῦρ
1116 490 1199 557 ἐφ’
1236 489 1401 549 ἑστίας
1441 490 1560 554 ε’μῆς
1960 503 2062 544 1435

617 596 842 661 Αἴγισθος
885 599 946 656 ὡς
984 597 1039 650 τὸ
1077 597 1273 663 πρόσθεν
1311 595 1364 650 εὖ
1401 601 1580 664 φρονῶν
1617 594 1734 660 ἐμοί.

616 705 749 767 οὗτος
787 708 886 774 γαρ
925 691 1038 772 ἡμῖν
1076 705 1227 766 οὶσπὶς
1266 710 1316 760 οὐ
1356 708 1538 771 σμικροὶ
1581 706 1790 774 θροέσους.

613 823 770 871 κεῖται
808 816 1033 881 γυναικὸς
1070 817 1211 878 τῆςδε
1249 818 1570 884 λυμαντήριος

247 929 387 980 1330
613 927 880 997 Χρυσηΐδων
915 927 1167 993 μείλιγμα
1206 932 1297 981 τῶν
1336 928 1417 981 ὑπ’
1456 927 1609 995 Ἰλίῳ,

613 1037 643 1101 2‘7‘
671 1042 716 1093 τ’
754 1039 1078 1106 αἰχμάλωτος
1118 1038 1198 1102 ἥδε
1235 1039 1318 1092 καὶ
1356 1039 1681 1105 τερασκόπος,
1951 1055 2057 1095 1440

615 1151 643 1211 ἡ
681 1148 994 1214 κοινόλεκτρος
1033 1148 1170 1202 τοῦδε
1208 1148 1578 1217 θεσφατηλόγος

622 1262 770 1323 πιστὴ
807 1259 1020 1323 ξύνευνος
1057 1259 1290 1313 ναυτίλων
1327 1281 1384 1313 τε
1422 1258 1682 1323 σελμοὲτων

615 1372 871 1438 ἰσοτριβής.
911 1370 1073 1436 ἄτιμα
1104 1371 1144 1424 δ’
1181 1373 1265 1424 οὐκ
1303 1369 1608 1438 ἐπραξάτην·

248 1483 387 1534 1335
614 1482 636 1534 ὁ
673 1481 762 1545 μὲν
799 1481 898 1548 γαρ
935 1479 1111 1543 οὕτως,
1152 1483 1179 1543 ἡ
1219 1481 1268 1534 δέ
1305 1501 1405 1544 τοι,
1446 1481 1614 1534 κύκνου
1653 1478 1782 1541 δίκην

613 1589 694 1643 τὸν
733 1587 941 1644 ὕστατον
980 1591 1227 1657 μέλψασα
1267 1590 1526 1655 θανάσιμον
1565 1590 1702 1654 γόον,
1955 1607 2058 1645 1445

614 1706 771 1753 κεῖται
809 1701 1026 1768 φιλήτωρ
1064 1701 1206 1763 τοῦδ’,
1247 1702 1350 1766 ἐμοὶ
1384 1700 1423 1753 δ’
1463 1702 1722 1764 ἐπήγαγεν

611 1811 755 1872 θοίνης
795 1812 1131 1878 παροψώνημα
1170 1820 1257 1874 τῆς
1296 1814 1417 1877 ἐμῆς
1455 1811 1649 1878 χλιδῆς.

244 1993 297 2033 V?
338 1993 458 2034 1325.
510 1996 550 2036 οὕ
599 2010 667 2048 μοι
718 2001 836 2051 φόβου
888 1999 1077 2053 μέλαθρον
1124 1998 1227 2044 ἐλπὶς
1271 2000 1454 2051 ἐμπατεῖ.

1529 1997 1650 2035 1332.
1691 1999 1754 2037 καὶ
1796 1995 2056 2049 κοινόλεκτρος.

298 2065 419 2107 1333.
446 2067 622 2109 ναυτίλων
653 2068 693 2109 δὲ
725 2071 832 2122 σελμ.
866 2072 1102 2126 ἱστοτρὶβης.
1166 2071 1285 2110 1338.
1315 2071 1418 2117 εὐνῆς
1443 2073 1587 2125 παροψ.

241 2197 446 2238 vindictam
475 2198 522 2238 ad
549 2201 654 2246 τέλος
681 2199 870 2252 perducit.
913 2201 965 2240 ef.
987 2200 1103 2241 Com-

241 2265 488 2306 mental-ium,

300 2333 404 2373 1329
432 2346 490 2386 sq.
518 2338 684 2386 γυναικὸς
710 2335 846 2387 τῆςδε,
877 2334 918 2374 h.
935 2347 967 2374 e.
994 2339 1100 2388 ἐμοῦ.

241 2401 455 2456 Χρυσηΐδων
519 2404 707 2454 μείλιγμα
774 2402 1105 2455 interpretandum

241 2467 340 2507 sieut
381 2468 638 2509 Horatianum
681 2468 772 2508 illud
817 2469 894 2509 Od.
938 2469 1008 2517 ΙΙ,
1053 2471 1102 2509 1:

240 2534 430 2574 victorum
470 2539 626 2587 nepotes
664 2536 803 2576 retulit
834 2537 1000 2589 inferias
1027 2537 1102 2577 Jec-

237 2603 420 2655 yurthae.
451 2603 752 2655 Agamemnonis
779 2604 909 2643 caedes
936 2604 1106 2657 inferiae

240 2671 352 2709 erant
394 2670 556 2723 captivis
610 2683 702 2722 quas
743 2670 939 2718 violasset,
985 2670 1106 2723 qualis

240 2737 421 2788 Chryseis
458 2738 546 2788 (hoe
584 2738 686 2779 enim
714 2738 839 2790 signif.
870 2739 971 2792 plur.
1001 2749 1106 2795 Χρυ-

239 2805 389 2852 σήῑδεςλ.
434 2805 521 2844 Ηοο
537 2818 648 2845 sensu
666 2807 909 2860 μειλίγματα
928 2807 1105 2861 ΟΙιοὸΡὴ.

239 2873 304 2913 15.
332 2875 576 2929 μειλικτήρια
603 2873 711 2914 Pers.
744 2874 834 2914 610.

292 2941 413 2980 1331.
441 2946 677 2998 τερασκόπος
704 2955 790 2981 cum
820 2944 1013 2982 contemtu
1043 2942 1100 2981 di·

237 3011 340 3048 ctum
369 3021 439 3061 pro
463 3013 622 3063 μάντις,
655 3009 969 3061 quemadmodum
987 3009 1102 3049 etiam

236 3088 306 3128 per
330 3075 535 3116 ludibrium
548 3077 678 3130 J'ungit
695 3079 967 3133 θεσφατηλόγος
984 3084 1102 3126 πιστὴ

238 3143 395 3191 ξύνευνος
411 3175 423 3195 ,
453 3145 491 3183 et
516 3143 583 3183 vili
610 3143 865 3197 appellatione
893 3158 964 3196 pro
992 3145 1100 3184 navi-

237 3211 399 3263 gationis
426 3211 526 3251 socia
553 3211 643 3251 dicit
669 3214 866 3265 σελμάτων
884 3217 1098 3269 ἰσοτριβής,

238 3277 279 3318 h.
303 3291 338 3319 e.
367 3291 463 3330 quae
493 3280 652 3331 pariter
696 3293 782 3320 cum
823 3281 895 3320 illo
923 3285 1097 3320 transtra

238 3345 433 3396 (sedendo)
463 3347 598 3395 trivit,
643 3346 703 3387 vel
743 3347 871 3399 potius
915 3347 1101 3387 transtris

237 3413 378 3452 attrita
405 3418 477 3453 est.
530 3415 660 3466 Aeque
687 3415 789 3454 enim
818 3417 981 3467 utroque
1012 3427 1095 3454 sen-

237 3493 281 3520 su
293 3511 304 3528 ,
320 3482 443 3521 activo
458 3483 496 3520 et
510 3482 658 3534 passivo
671 3513 682 3529 ‚
699 3482 772 3521 dici
787 3486 926 3535 potest.
949 3482 1098 3521 Matth.

237 3547 309 3589 Gr.
334 3549 404 3588 Gr.
421 3551 438 3599 §
454 3549 547 3589 345.
562 3552 711 3606 τρίβειν
724 3549 882 3602 vulgare
896 3550 969 3589 hoc
985 3562 1098 3588 sensu

237 3614 408 3656 verbum.
452 3616 515 3656 cf.
552 3616 679 3668 jocose
721 3617 864 3658 dictum
899 3617 1096 3670 Aristoph.

1184 2200 1262 2253 Eq.
1290 2201 1390 2244 785:
1420 2203 1478 2242 ἵνα
1494 2206 1548 2254 μὴ
1566 2202 1705 2257 τρίβῃς
1719 2205 1789 2249 τὴν
1805 2203 1840 2240 ἐν
1855 2200 2054 2251 Σαλαμῖνι.

1242 2268 1359 2307 1334.
1391 2272 1522 2322 ἄτιμα
1549 2265 1582 2308 δ’
1609 2270 1671 2308 οὐκ
1699 2268 1948 2323 ἐπραξάτην,
1978 2266 2057 2304 iro·

1184 2334 1270 2374 nice
1298 2335 1466 2383 dietum,
1496 2334 1596 2387 quod
1625 2347 1744 2387 supra
1772 2346 1828 2373 vs.
1857 2333 1937 2371 354
1965 2345 2057 2384 pro-

1185 2402 1292 2455 prie:
1333 2408 1449 2460 χάρις
1484 2407 1561 2459 γοῖιρ
1590 2404 1652 2443 οὐκ
1681 2406 1822 2454 ἄτιμος
1850 2403 2053 2457 εἴργασται

1186 2475 1315 2513 πόνων.
1346 2492 1403 2499 —-
1445 2472 1464 2511 ὁ
1491 2474 1562 2523 μὲν
1589 2474 1667 2525 γὰρ
1696 2470 1836 2518 οὕτως,
1865 2469 1908 2510 h.
1938 2481 1972 2508 e.
2001 2467 2056 2507 sie

1187 2541 1228 2576 ut
1256 2537 1413 2576 videtis:
1443 2537 1484 2576 in
1513 2536 1646 2576 balneo
1668 2535 1876 2589 improviso
1895 2548 2053 2588 oppres-

1185 2618 1263 2644 sus.
1321 2606 1487 2661 φιλήτωρ
1513 2605 1621 2646 τοῦδε
1649 2616 1718 2656 per
1748 2602 1955 2642 ludibrium
1986 2615 2054 2656 ap-

1187 2671 1328 2725 pellata
1342 2673 1484 2711 femina
1497 2702 1508 2718 ‚
1538 2685 1616 2710 non
1632 2675 1766 2710 amata
1779 2701 1790 2718 ‚
1821 2670 1885 2710 sed
1899 2674 2055 2710 amator

1187 2754 1216 2780 s.
1241 2740 1428 2780 amatrix.
1485 2741 1652 2795 φιλήτωρ
1681 2738 1727 2777 de
1755 2738 1919 2785 femina,
1949 2737 2049 2777 sicut

1187 2808 1325 2847 usitate
1368 2808 1466 2861 τύχη
1511 2814 1665 2862 σωτήρ·;
1722 2809 1836 2859 τιμαὶ
1885 2812 2054 2860 σωτῆρες

1184 2875 1284 2928 apud
1314 2874 1472 2926 Eurip.;
1513 2877 1735 2931 λωβητῆρες
1762 2873 1920 2930 Ἐρινύες
1949 2873 2052 2926 apud

1183 2941 1363 2995 Sophoel.
1398 2945 1604 2998 λωβήτορα
1648 2950 1748 2998 κῆρα
1786 2942 1877 2981 dicit
1905 2941 2051 2981 Nican-

1183 3011 1251 3050 der
1261 3028 1272 3058 ;
1317 3015 1567 3067 παμβώτορα
1594 3017 1707 3063 γαῖαν
1734 3010 1930 3057 Stasinus,
1963 3009 2051 3050 alia.

1184 3078 1245 3117 Cf.
1275 3077 1427 3117 Buttm.
1457 3078 1528 3118 Gr.
1555 3079 1625 3118 Gr.
1656 3077 1774 3130 ampl.
1805 3077 1854 3125 I,
1884 3091 1924 3130 p.
1956 3077 2051 3116 253.

1182 3144 1342 3184 Seidler.
1386 3144 1432 3183 ad
1474 3145 1610 3198 Eurip.
1656 3144 1802 3185 Electr.
1845 3145 1939 3185 993.
1971 3149 2053 3186 θοί-

1182 3229 1244 3259 νης
1285 3215 1577 3267 παροψώνημα,
1628 3212 1742 3252 simili
1781 3215 1894 3264 tropo
1929 3211 1970 3251 in
2013 3225 2054 3251 re

1181 3279 1353 3320 dissimili
1387 3280 1509 3319 utitur
1534 3280 1811 3333 Aristophanes
1847 3280 1899 3319 fr.
1930 3279 2050 3318 Daed.

1180 3360 1243 3398 ap.
1260 3347 1402 3385 Athen.
1416 3346 1491 3394 IX,
1508 3361 1543 3399 p¹
1562 3347 1641 3386 368
1659 3348 1711 3386 C:
1737 3351 1882 3393 πάσαις
1895 3348 2055 3399 γυναιξὶν

1181 3417 1222 3462 ἐξ
1266 3415 1341 3460 ἑνός
1381 3431 1425 3466 γε
1467 3430 1534 3456 του
1561 3420 1707 3471 τρόπου
1735 3418 1860 3471 ὥςπερ
1888 3419 2051 3470 παροψὶς

1179 3485 1314 3535 μοιχὸς
1343 3485 1620 3534 ἐσκευασμένος.
1665 3481 1766 3522 laud.
1796 3482 1940 3520 Blomf.
1982 3481 2050 3532 qui

1178 3551 1306 3588 tamen
1336 3562 1412 3588 non
1442 3552 1544 3588 recte
1574 3549 1689 3589 vertit
1710 3548 1909 3589 obsonium
1937 3549 2046 3587 clan-

1179 3617 1388 3657 destinum.
1447 3618 1628 3656 Ceterum
1659 3618 1708 3656 cf.
1743 3617 1960 3656 Commeat.
