2340 3958
270 198 295 246 7
307 197 335 243 0
1014 207 1358 254 ΑΙΣΧΤΛΟΤ

831 360 971 429 ὦρτο,
1007 363 1267 428 ναυβάτας
1305 367 1510 433 στρατός
1533 388 1544 432 ;

266 471 369 519 895

822 471 1057 537 πεύθομαι
1088 472 1128 524 δ’
1164 473 1255 526 ἀπ’
1291 475 1528 540 όμματων
1935 500 2017 537 ἀντ.
2039 495 2091 537 α’.

825 579 984 634 νόστον
1027 583 1339 649 αὐτόμαρτυς
1379 584 1437 637 ὤν
1451 626 1465 648 ,

678 688 757 740 τὸν
790 689 831 741 δ’
867 688 981 744 ἄνευ
1019 691 1171 759 λύρας
1210 691 1338 758 ὅμως
1378 694 1581 760 ὑμνῳδεῖ

2014 711 2094 750 990

604 799 756 863 θρῆνον
796 800 1001 867 Ἐρινύος
1039 802 1381 862 αὐτοδίδακτος
1419 802 1584 856 ἔσωθεν

825 911 1000 977 θυμὸς,
1041 913 1092 967 οὐ
1131 912 1187 965 τὸ
1228 915 1329 965 ποῖν
1369 911 1497 978 ἔχων

269 1020 372 1067 900

831 1133 1079 1194 πλαγκτα
1112 1131 1152 1184 δ’
1189 1131 1291 1185 οὔτι
1330 1131 1544 1200 ματᾴζει

825 1019 1014 1080 ἐλπίδος
1055 1022 1198 1088 φίλον
1237 1022 1421 1089 θρασος.

2017 1150 2096 1188 995

676 1239 788 1305 πρὸς
825 1239 1014 1298 ἐνδίκοις
1051 1239 1221 1308 φρεσὶν
1258 1240 1565 1309 τελεσφόροις

752 1349 897 1408 δίναις
935 1349 1254 1414 κυκλούμενον
1291 1348 1420 1416 κέαρ.

528 1457 743 1523 εὔχομαι
776 1459 815 1510 δ’
853 1457 988 1519 ἐκτός
1028 1459 1081 1522 γ’
1119 1460 1248 1522 ἐμοῖς
1286 1458 1479 1518 ἐλπίδος
1516 1458 1645 1524 ψύθη
1686 1463 1850 1509 πεσεῖν

270 1569 374 1617 905

676 1678 824 1740 μάλα
862 1678 924 1741 γε’
960 1698 1030 1732 τοι
1069 1678 1125 1732 τὸ
1164 1678 1363 1737 ποτνίας
1403 1678 1588 1741 ὑγιείας

758 1597 762 1601 -
825 1571 875 1627 ἐς
913 1568 969 1621 τὸ
1007 1569 1078 1632 μὴ
1117 1567 1421 1636 τελεσφόρον.

1988 1586 2093 1624 1000

1926 1711 2012 1751 στρ.
2033 1694 2091 1749 β’.

749 1790 962 1856 οέόριστον
997 1789 1158 1857 τέρμα
1177 1807 1188 1817 ·
1221 1791 1358 1854 Ινόσος
1383 1790 1494 1856 ,γαρ

751 1900 925 1963 γείτων
964 1901 1216 1966 ὁμότοιχος
1254 1900 1436 1966 ἐρείδει·

270 2121 375 2170 910

828 2010 911 2063 καὶ
950 2011 1136 2074 πότμος
1175 2011 1432 2076 εὐθυπορῶν

1987 2027 2091 2068 1005

675 2121 837 2187 οένδρὸς
876 2120 1075 2175 ἔπαισεν
1114 2120 1337 2191 ἄφαντον
1374 2118 1515 2187 ἕρμα.

825 2235 910 2285 καὶ
948 2233 1003 2286 τὸ
1041 2234 1131 2300 μὲν
1169 2234 1258 2302 πρὸ
1295 2234 1566 2301 χρημάτων

270 2390 319 2430 V.
350 2392 445 2431 902.
476 2392 585 2432 Fort.
616 2392 692 2446 leg.
722 2395 877 2442 ἐκδίκοις
906 2399 1045 2451 φρεσὶν.

266 2499 318 2540 V.
348 2501 443 2542 901.
475 2505 675 2559 σπλάγχνα
703 2505 734 2545 δ’
761 2507 859 2547 οὔτοι
873 2511 1059 2559 ματάςει.
1117 2507 1213 2547 904.
1240 2506 1272 2548 δ’
1297 2510 1339 2555 ἐξ
1363 2512 1462 2561 ἐμᾶς
1476 2506 1534 2546 Fl.
1552 2507 1583 2548 δ’
1599 2505 1668 2550 ἀπ’
1681 2511 1781 2560 ἐμᾶς
1794 2523 1853 2548 τοι
1868 2508 1952 2547 ἐλπ.
1968 2504 2086 2544 Farn.

322 2575 417 2615 906.
442 2579 551 2628 μάλα
579 2582 658 2629 γάρ
686 2594 744 2621 τοι
775 2596 834 2631 (γε
861 2583 919 2621 τοὶ
948 2581 990 2628 δὴ
1015 2581 1151 2629 Earn.)
1179 2589 1253 2627 τᾶς
1275 2584 1418 2628 πολλᾶς
1443 2583 1584 2634 ὑγιείας
1610 2586 1813 2636 ἀκόρεστον
1838 2585 1982 2635 τέρμα.

322 2716 416 2759 897.
447 2721 533 2759 ἄνευ
558 2719 673 2773 λύρας
685 2751 698 2771 ,
715 2719 754 2759 h.
770 2732 804 2760 e.
823 2723 934 2759 triste
946 2751 957 2768 ,
975 2720 1136 2773 lugubre

267 2797 447 2832 carmen3
476 2785 649 2837 intellige
679 2787 806 2827 dirum
832 2788 927 2828 illud
944 2789 1133 2828 malorum

266 2853 522 2904 praesagium.
570 2857 709 2910 ἄλυρον
735 2855 808 2894 hoc
838 2869 951 2896 sensu
983 2858 1132 2910 Sopho-

267 2918 342 2958 cles
383 2924 422 2959 et
447 2921 677 2974 Euripides,
722 2928 765 2962 ut
806 2923 916 2964 docet
949 2924 1133 2965 Valcken.

265 2986 313 3025 ad
339 2987 488 3028 Phoen.
517 3002 573 3029 vs.
606 2991 724 3029 1034.

322 3055 417 3095 901.
448 3059 626 3110 πλαγκτὰ
665 3059 696 3098 δ’
728 3061 806 3100 οὔτι
850 3064 1023 3112 ματάζει
1051 3063 1130 3102 κτὲ.

266 3123 355 3161 Non
396 3128 537 3164 temere
577 3127 750 3178 trepidat
785 3141 882 3167 sano
910 3129 952 3167 in
978 3133 1134 3180 pectore

266 3202 333 3229 cor
360 3190 543 3230 ominosis
570 3194 787 3234 cruciatum
808 3195 1032 3246 anqoribus.
1072 3196 1132 3236 δῖ-

266 3274 325 3299 ναι
351 3250 567 3316 τελεσφόροι
602 3260 717 3301 simili
744 3275 856 3301 sensu
885 3262 1033 3314 dictum⁴
1056 3277 1131 3315 quo

193 3380 195 3383 v
266 3321 410 3382 ὄνειρος
459 3330 705 3384 τελεσφόρος,
762 3332 873 3382 εὐχαὶ
914 3333 1132 3388 τελεσφόροι

265 3394 366 3445 apud
386 3394 638 3446 Aeschylum:
664 3401 753 3435 sunt
775 3397 893 3436 animi
915 3400 1128 3448 cruciatus,

266 3460 332 3512 qui
353 3460 495 3513 aliquid
517 3463 751 3514 portendunt
776 3464 874 3515 quod
903 3469 1130 3506 eventurum

265 3531 337 3568 est.
380 3529 516 3570 Cetera
543 3530 654 3582 tetigi
675 3530 716 3570 in
742 3531 960 3572 Commeat.

321 3597 401 3637 906
415 3610 498 3649 sqq.
528 3600 634 3650 μάλα
662 3605 708 3651 γε’
734 3615 791 3639 τοι
819 3602 863 3640 τὸ
894 3603 1047 3647 ποτνίας
1075 3624 1128 3633 -

1217 2726 1280 2765 καὶ
1310 2728 1459 2776 πότμος
1487 2725 1697 2778 εὐθυπορῶν
1725 2722 1804 2761 κτὲ.
1866 2738 1884 2753 u
1900 2719 1956 2758 Ut
1982 2719 2084 2758 sani·

1215 2792 1286 2830 tati
1330 2791 1477 2830 vicinus
1519 2795 1577 2830 est
1618 2790 1795 2835 morbus,
1841 2788 1895 2827 sic
1923 2786 2083 2826 felicitas

1215 2858 1325 2898 facile
1355 2858 1567 2910 improviso
1611 2856 1814 2908 naufragio
1855 2854 2082 2894 evertitur,”

1214 2932 1316 2973 νόσος
1331 2927 1494 2982 ἐρείδει,
1523 2923 1736 2970 umorbus,
1763 2924 1805 2963 in
1826 2923 2002 2976 proxima
2023 2923 2082 2962 vi·

1214 2995 1314 3033 cinia
1332 2994 1531 3040 habitans,
1554 2993 1594 3032 in
1620 2992 1823 3031 sanitatem
1842 2994 2024 3041 tanquam
2039 2990 2082 3029 iu

1213 3062 1470 3102 adversariam
1486 3059 1716 3100 incumbit.”
1743 3062 1895 3100 ἔπαισεν
1918 3063 2082 3113 ἄφαντον

1214 3133 1343 3186 ἕρμα,
1374 3133 1420 3169 ut
1444 3128 1584 3175 latine,
1615 3140 1770 3167 caecam
1790 3128 1929 3177 syrum
1952 3129 2078 3180 offen-

1213 3199 1276 3238 dit
1285 3229 1298 3246 ‚
1322 3210 1394 3251 pro
1410 3197 1547 3236 usitato
1564 3199 1726 3237 ἔπταισε
1738 3198 1832 3250 πρὸς
1847 3198 1967 3251 ἕρμα.
2014 3196 2080 3235 Sic

1211 3265 1332 3317 Soph.
1346 3263 1490 3304 Electr.
1507 3264 1608 3306 7442
1627 3265 1797 3304 λανθάνει
1808 3265 1944 3310 στήλην
1957 3267 2081 3319 ἄκραν

1211 3335 1367 3378 παίσας.
1402 3329 1479 3370 Ubi
1503 3342 1593 3370 vero
1610 3329 1750 3369 dieitur
1764 3332 1890 3371 παίειν
1902 3335 1998 3386 πρός
2011 3345 2076 3383 τι,

1211 3401 1284 3440 hoe
1310 3402 1350 3438 in
1378 3400 1528 3440 πταίειν
1554 3398 1780 3437 mutandum
1807 3411 1959 3438 censeo.

1266 3467 1361 3507 911.
1390 3469 1453 3507 καὶ
1479 3469 1525 3506 τὸ
1547 3469 1621 3518 μὲν
1644 3469 1721 3523 πρὸ
1737 3471 1961 3524 χρημάτων.
1997 3465 2080 3504 uUt

1210 3536 1345 3574 onusta
1388 3533 1496 3573 navis
1536 3532 1634 3573 illisa
1661 3533 1780 3581 vado,
1829 3534 1862 3573 si
1888 3533 2075 3573 mercium

1211 3614 1306 3642 onus
1350 3599 1556 3653 abjecerit,
1610 3600 1755 3641 facilius
1798 3601 1997 3654 expeditur
2037 3602 2076 3639 et
