2340 3990
299 200 372 233 ΧΠ
1009 185 1376 234 PRAEFATIO.

293 325 526 374 videretur
565 341 702 388 quam
743 324 915 386 grande
961 324 1148 388 aliquod
1183 329 1228 372 et
1262 324 1392 389 quasi
1428 324 1700 373 continuum
1734 325 1946 388 aenigma
1979 343 2094 375 enu-

297 423 455 469 cleare.
523 421 704 484 Quodsi
745 421 877 468 multi
922 421 1227 468 recentiorum
1262 422 1567 485 interpretum
1600 422 1786 484 ingenia
1820 427 1915 470 tam
1949 422 2095 470 acuis-

295 523 398 566 sent
458 518 515 565 ad
563 535 721 566 verum
770 517 1101 565 inveniendum
1152 534 1292 582 quam
1344 518 1404 565 ad
1453 534 1594 582 prava
1645 518 1948 582 explicanda,
1998 519 2093 580 jam

293 615 474 679 pridem
507 615 739 680 aliquanto
773 615 1028 678 puriorem,
1066 614 1224 672 credo,
1263 619 1308 662 et
1340 615 1635 663 illustriorem
1669 615 1788 662 hanc
1810 614 2092 678 tragoediam

294 713 576 760 haberemus„
642 712 815 759 Verum
858 729 952 760 non
996 729 1097 760 raro
1141 713 1305 759 vitium
1346 713 1433 760 hoc
1478 712 1601 760 cadit
1635 713 1684 760 in
1719 712 2008 760 doctissimos
2049 716 2094 759 et

293 810 581 858 acutissimos
622 809 854 867 homines,
896 810 1064 874 quibus
1109 810 1209 874 ipsa
1251 810 1425 873 ingenii
1460 810 1580 857 acies
1619 810 1854 858 interdum
1882 808 2093 857 fraudem

291 907 428 965 facit,
478 912 532 954 ut
567 907 743 954 occulta
783 916 829 954 et
871 906 1077 954 involuta
1116 911 1370 964 sectentur,
1415 912 1572 971 aperta
1612 911 1657 954 et
1689 911 1870 971 promta
1902 923 1996 954 non
2029 905 2094 954 vi-

292 1004 430 1051 deant
461 1007 540 1051 aut
573 1008 790 1068 spernant
868 1004 1060 1066 Perlege
1094 1004 1319 1051 Klauseni
1354 1009 1399 1052 et
1432 1004 1690 1052 Hermanni
1719 1003 2090 1061 commentarios,

293 1101 379 1148 etsi
419 1101 577 1148 ambos
616 1101 814 1148 multum
852 1101 972 1148 inter
1011 1118 1059 1148 se
1094 1101 1364 1149 dissimiles:
1400 1101 1623 1150 admirere
1657 1103 1764 1150 licet
1799 1118 1958 1150 eorum
1993 1117 2093 1149 eru-

294 1198 516 1246 ditionem
551 1202 597 1246 et
628 1215 840 1255 acumen,
865 1214 960 1245 non
992 1214 1094 1246 raro
1120 1203 1274 1246 tamen
1295 1203 1341 1246 te
1366 1203 1632 1263 ceterosque
1656 1199 1948 1247 consolabere
1972 1214 2087 1263 quos

290 1300 455 1344 natura
504 1296 652 1358 coegit
691 1295 913 1343 mediocri
953 1295 1237 1359 supeHectile
1281 1312 1379 1342 esse
1432 1299 1685 1343 contentos.
1750 1295 1924 1343 Verum
1960 1295 2086 1343 hunc

290 1393 531 1457 scopulum
575 1409 719 1458 quum
759 1390 897 1449 vites,
932 1408 991 1439 ne
1026 1392 1075 1439 in
1109 1391 1305 1438 alterum
1339 1391 1545 1439 offendas
1580 1391 1837 1440 cavendum
1870 1396 1963 1450 est,
1997 1409 2085 1451 ne,

289 1491 565 1555 simulatque
594 1489 842 1547 sententia,
870 1488 1170 1546 constructio,
1201 1488 1393 1536 verbum
1420 1504 1586 1552 parum
1607 1489 1729 1535 clara
1762 1492 1808 1535 et
1841 1492 1998 1552 aperta
2018 1488 2084 1536 vi-

290 1588 508 1645 deantur,
543 1588 695 1635 statim
731 1586 999 1650 scalpellum
1033 1585 1252 1633 adhibeas
1287 1590 1533 1650 antequam
1577 1585 1760 1648 singula
1794 1589 2003 1633 accurate
2038 1590 2084 1632 et

289 1685 533 1748 diligenter
583 1685 916 1749 exploraveris,
955 1688 1057 1741 aut,
1097 1701 1241 1748 quum
1274 1683 1567 1731 manifestum
1601 1682 1867 1747 apparuerit
1898 1683 2084 1740 vitium,

290 1784 475 1831 semotis
514 1783 753 1835 codicibus
800 1787 846 1829 et
880 1781 1044 1846 spretis
1078 1782 1330 1844 scripturae
1363 1780 1569 1838 indiciis,
1604 1781 1702 1828 solo
1734 1780 1921 1843 ingenio
1955 1784 2085 1828 utare

289 1884 334 1927 et
383 1880 664 1928 confidenter
715 1896 956 1944 expromas
996 1878 1307 1940 conjecturas,
1342 1894 1425 1941 per
1459 1894 1507 1924 se
1541 1877 1734 1925 fortasse
1767 1894 1863 1925 non
1897 1877 2085 1941 culpan-

289 1977 392 2035 das,
442 1982 598 2026 tamen
649 1982 728 2026 aut
776 1978 963 2025 inutiles
1009 1980 1089 2024 aut
1134 1993 1159 2023 a
1195 1980 1401 2024 veterum
1437 1975 1767 2039 exemplarium
1803 1974 1946 2022 ductu
1980 1978 2026 2022 et
2059 1990 2086 2020 a

285 2074 685 2122 verisimilitudine
727 2074 864 2137 plane
909 2072 1189 2121 recedentes.
1255 2073 1328 2120 Ab
1368 2073 1454 2120 hac
1497 2071 1690 2119 audacia
1723 2072 1763 2119 si
1795 2072 1861 2120 ita
1891 2071 2085 2120 cavisset

285 2170 574 2234 Hartungius
624 2175 676 2218 ut
718 2174 787 2218 est
830 2173 993 2217 acutus
1045 2174 1090 2217 et
1135 2169 1298 2217 doctus
1348 2174 1393 2216 61
1425 2169 1716 2231 ingeniosus,
1762 2168 1910 2216 multo
1944 2168 2082 2216 etiam

285 2268 451 2315 melius
496 2284 634 2333 quam
682 2283 806 2315 nunc
845 2267 953 2314 fecit
987 2266 1044 2314 de
1076 2266 1305 2330 Aeschylo
1341 2270 1386 2313 et
1420 2265 1478 2313 de
1514 2265 1749 2328 tragoedia
1779 2269 1933 2313 vetere
1963 2269 2084 2312 esset

285 2364 575 2429 promeritus.
642 2364 893 2428 Equidem,
948 2363 987 2410 si
1037 2362 1150 2410 mihi
1193 2362 1435 2424 contigerit
1466 2362 1516 2410 in
1548 2362 1776 2426 Aeschylo
1812 2362 2086 2427 explicando

284 2462 519 2526 aliquanto
563 2462 669 2526 plus
718 2460 952 2508 interdum
1000 2459 1156 2508 videre
1207 2459 1308 2506 aliis
1358 2459 1527 2524 quibus
1566 2458 1801 2507 doctrinae
1836 2463 1882 2506 et
1913 2459 2088 2522 ingenii

279 2559 480 2622 palmam
514 2558 646 2605 facile
694 2556 922 2614 concedo,
963 2556 1012 2603 id
1046 2573 1100 2603 60
1133 2573 1206 2603 1116
1242 2560 1502 2604 assecutum
1544 2557 1720 2615 sentio,
1758 2557 1883 2621 quod
1918 2557 1968 2604 111
2002 2557 2088 2604 dif-

279 2655 386 2703 ficili
438 2672 575 2719 opere
630 2670 725 2702 non
758 2653 1072 2701 festinandum
1095 2653 1254 2700 censui
1287 2670 1372 2701 nec
1405 2653 1455 2701 111
1492 2653 1606 2701 locis
1641 2637 1846 2701 obscuris
1880 2659 1960 2700 aut
1993 2669 2088 2700 cor-

280 2752 428 2816 ruptis
461 2753 589 2816 prius
631 2751 807 2816 aliquid
839 2751 1114 2799 tentandum
1151 2767 1290 2815 quam
1325 2751 1478 2798 omnia
1511 2767 1665 2798 rerum
1697 2753 1930 2798 momenta
1951 2766 2085 2798 accu-

281 2853 378 2896 rate
427 2849 786 2913 perpendissem.
854 2848 968 2896 Ideo
1014 2849 1148 2896 etiam
1202 2848 1251 2896 in
1302 2847 1640 2895 Commentario
1686 2863 1780 2894 non
1818 2847 1884 2894 ita
1923 2845 2084 2894 studui

283 2947 513 3005 brevitati,
563 2951 616 2994 ut
658 2964 753 2994 non
790 2947 939 3011 primo
977 2946 1078 2994 loco
1117 2961 1335 3009 ponerem
1376 2944 1774 3009 perspicuitatem,
1808 2959 1894 2990 nec
1927 2942 2083 3005 defugi

282 3043 488 3091 laborem
534 3044 839 3107 redarguendi
878 3060 995 3109 quae
1033 3059 1199 3107 prava,
1233 3040 1495 3089 illustrandi
1529 3057 1646 3105 quae
1685 3045 1809 3087 recta
1840 3043 2079 3103 putarem:

283 3140 410 3205 quod
455 3141 583 3188 haud
631 3141 725 3189 scio
775 3158 833 3188 an
882 3141 931 3188 in
962 3157 1012 3188 re
1047 3140 1202 3187 critica
1236 3143 1281 3186 et
1316 3138 1638 3186 difficillimum
1671 3153 1808 3201 saepe
1842 3136 1901 3183 sit
1936 3140 1981 3184 et
2019 3135 2080 3183 ad

275 3236 504 3298 judicium
544 3239 804 3286 acuendum
842 3237 1076 3299 juventuti
1108 3235 1377 3301 praesertim
1411 3235 1720 3282 utilissimum.

346 3335 418 3382 Ne
468 3351 575 3383 vero
627 3335 730 3399 quis
782 3334 938 3382 credat
970 3351 1064 3391 me,
1101 3350 1244 3398 quum
1271 3316 1392 3380 alios
1426 3331 1784 3396 reprehendam,
1818 3346 1891 3379 1116
1925 3330 2078 3394 ipsum

279 3431 403 3479 vitiis
452 3432 705 3479 immunem
752 3435 928 3494 putare.
997 3430 1185 3494 Optime
1236 3429 1330 3477 scio
1387 3445 1524 3493 quam
1573 3428 1624 3475 in
1675 3420 1833 3475 omnes
1884 3427 2078 3491 quadret

276 3527 395 3575 illud
429 3529 669 3591 decipimur
700 3528 813 3576 recti
842 3528 1000 3590 specie,
1047 3530 1184 3590 atque
1215 3526 1414 3573 multum
1447 3523 1682 3587 gaudebO,
1718 3523 1757 3571 si
1790 3522 2074 3587 peccaverim

277 3625 468 3672 fortasse
502 3626 692 3673 minora.
759 3623 852 3672 Sed
902 3639 987 3671 nec
1021 3622 1163 3670 critici
1197 3620 1420 3669 acuminis
1454 3620 1691 3684 gloriolam
1724 3619 1837 3668 mihi
1871 3635 2070 3686 quaem,
