2340 3958
294 166 312 210 ]
327 167 385 211 20
947 165 1446 214 COMMENTARIUS

293 330 347 360 eo
381 314 500 360 inest
536 315 862 375 ἀνδρόβουλον,
897 314 1021 377 quod
1055 315 1165 361 hera
1196 315 1324 376 vigili
1358 316 1546 363 mandat
1580 318 1877 365 constitutum
1909 318 2090 380 signum

293 398 587 460 exspectare?
652 398 892 443 Praeterea
923 397 1053 454 vide,
1087 414 1226 461 quam
1260 403 1382 445 recte
1416 399 1589 447 dictum
1623 402 1682 447 sit
1715 406 1934 463 γυναικὸς
1978 406 2091 465 κέαρ

291 487 481 543 κρατεῖ,
531 482 728 528 dominae
776 497 851 528 cor
893 482 1081 542 imperat
1123 498 1208 544 pro
1251 483 1373 543 ipsa,
1418 483 1543 546 quod
1587 501 1681 531 non
1725 490 1877 548 potest
1910 485 2094 533 defendi

292 565 413 612 notis
446 564 537 611 illis
572 564 819 628 exemplis,
846 566 895 623 ’ἲς
929 571 1243 628 Τηλεμάχοιο
1278 567 1351 614 vel
1385 570 1603 630 Αἰγίσθου
1639 571 1737 630 βία.
1805 570 1913 617 Non
1948 571 2096 633 aptior

292 654 360 695 est
393 648 529 695 lectio
564 664 703 711 quam
737 652 843 712 post
875 649 1049 696 Aldum
1081 651 1237 713 plures
1273 651 1542 699 ediderunt:
1579 653 1665 705 ὦδε
1697 658 1785 716 γῖιρ
1819 659 2011 716 κρατεῖν
2034 683 2094 693 -·

290 733 468 794 ἐλπίζω
500 734 637 792 κέαρ,
673 748 812 794 quam
846 736 1032 780 secutus
1078 733 1320 782 Schiitzius
1365 735 1430 782 sic
1466 737 1688 799 explicat:
1737 775 1763 795 ,,
1779 738 1844 784 sic
1879 738 2095 800 (agendo)

289 830 423 877 spero
466 814 562 860 fore
606 818 659 860 ut
698 814 898 862 ferocem
942 815 1149 863 mulieris
1194 818 1400 865 animum
1432 819 1637 877 vincam,
1684 821 1727 869 h.
1751 838 1789 869 e.
1825 821 2097 869 emolliam.''

287 898 450 960 Neque
485 901 644 960 aptum
689 902 758 945 est
800 899 887 946 hac
930 899 1262 961 significatione
1307 902 1498 949 verbum
1543 908 1736 965 κρατεῖν
1787 909 1832 952 et
1866 905 2094 952 sententia

290 982 345 1028 ab
379 981 566 1043 ingenio
599 983 732 1030 istius
765 983 927 1031 famuli
961 1001 1107 1049 aeque
1141 986 1303 1034 aliena.
1373 987 1546 1035 Sensus
1579 994 1734 1052 aperte
1768 991 1971 1053 postulat
2004 990 2095 1052 legi

289 1065 412 1129 quod
445 1065 622 1113 dudum
653 1068 895 1131 proposuit
928 1068 1179 1126 Heathius,
1215 1070 1297 1116 sed
1328 1071 1447 1118 male
1482 1073 1734 1135 explicuit:

1166 1189 1249 1239 ὦδε
1283 1194 1373 1251 γαρ
1408 1195 1599 1251 κρατεῖν

666 1275 883 1331 γυναικὸς
917 1271 1227 1332 ἀνδρόβουλον
1260 1274 1449 1335 ἐλπίζει
1482 1278 1615 1336 κέαρ.

293 1397 378 1448 ὧδε
412 1403 627 1460 κρατεῖν,
662 1415 829 1463 nempe
866 1403 920 1450 τὸ
969 1407 1053 1456 τῆν
1086 1405 1253 1462 Τροίαν
1287 1403 1480 1452 ἁλῶναι.
1534 1404 1733 1461 „Nunc‚
1759 1403 1892 1462 dicit,
1915 1405 2097 1454 assidue

290 1483 481 1531 observo
502 1483 618 1530 illud
641 1482 846 1545 signum,
883 1483 1010 1547 quod
1027 1483 1188 1545 Trojae
1224 1485 1616 1548 expugnationem
1648 1487 1976 1536 nunciaturum
2009 1489 2097 1538 sit:

290 1568 342 1615 id
371 1569 484 1615 enim
515 1571 766 1615 eventurum
797 1570 1010 1615 masculus
1041 1569 1237 1615 mulieris
1270 1569 1440 1616 animus
1461 1574 1609 1631 sperat
1636 1571 1730 1618 sive
1752 1574 2012 1635 eoespectat.''
2031 1602 2099 1610 —

290 1651 432 1699 Addit
474 1652 611 1708 haec,
657 1651 766 1716 quia
810 1652 910 1716 ipse
953 1656 1059 1716 post
1113 1669 1277 1700 vanam
1320 1656 1390 1700 tot
1434 1669 1660 1701 annorum
1709 1658 2100 1720 exspectationem

292 1735 350 1782 de
373 1739 542 1784 eventu
576 1736 836 1795 diffidebat,
873 1754 1016 1801 aeque
1051 1753 1104 1785 ac
1137 1737 1257 1785 infra
1290 1754 1423 1785 senes
1457 1738 1538 1802 qui
1572 1738 1775 1788 Chorum
1799 1742 2098 1791 constituunt.

289 1821 352 1868 At
408 1821 769 1885 Clytaemnestra
823 1822 953 1870 firmo
1010 1839 1192 1886 semper
1252 1822 1405 1870 animo
1461 1829 1677 1872 eventum
1739 1830 1997 1890 exspectat,
2048 1826 2100 1873 in

290 1921 382 1970 quo
438 1922 548 1954 sane
594 1908 904 1969 ἀνδρόβουλον
956 1910 1094 1969 κέαρ,
1162 1907 1307 1954 virilis
1354 1907 1492 1955 animi
1548 1909 1830 1972 confidentia,
1883 1909 2097 1957 cernitur.

290 1990 344 2038 V.
369 1995 559 2053 κρατεῖν
584 1991 711 2038 nude
733 1991 936 2054 positum
957 2007 1041 2054 pro
1063 1993 1228 2048 valere,
1249 1994 1397 2037 ratum
1419 2006 1518 2039 esse.
1574 1991 1701 2038 Infra
1723 2009 1787 2040 vs.
1807 1996 1926 2040 349:
1963 1998 2017 2043 τὸ
2051 1991 2094 2043 δ’

288 2073 340 2125 εἶ’]
371 2081 591 2137 κρατοίη,
635 2091 719 2139 pro
764 2091 857 2140 quo
901 2075 1057 2138 paullo
1102 2079 1208 2122 ante
1260 2074 1464 2122 dictum:
1512 2081 1566 2126 vrb
1600 2077 1640 2126 δ’
1678 2076 1729 2127 εὖ
1763 2083 1956 2128 νικάτω.
2022 2078 2096 2125 Ne

286 2159 392 2223 quis
441 2176 548 2207 vero
597 2163 730 2223 putet
777 2159 827 2205 in
887 2160 973 2205 hac
1034 2158 1261 2206 sententia
1309 2159 1497 2206 retineri
1551 2176 1687 2223 posse
1738 2161 1959 2224 ἐλπίζον,
2010 2177 2095 2225 pro

288 2245 482 2307 ἐλπίζον
516 2244 623 2294 ἐστι
669 2243 764 2290 sive
809 2244 1021 2306 ἐλπίζει,
1067 2243 1172 2290 talis
1216 2243 1449 2306 participii
1499 2259 1612 2290 usus
1655 2244 1811 2291 locum
1860 2245 1999 2292 habet
2048 2246 2098 2292 in

291 2328 723 2386 exclamationibus,
757 2328 807 2375 in
841 2327 1060 2375 orationis
1094 2328 1312 2375 membris
1346 2327 1575 2389 adjunctis
1592 2366 1604 2385 ‚
1638 2329 1712 2376 vel
1745 2329 1795 2376 in
1820 2328 2099 2377 dictionibus

291 2412 569 2477 quibusdam
620 2412 833 2476 ellipticis
845 2433 857 2469 3
906 2411 988 2459 sed
1036 2412 1087 2461 in
1138 2412 1382 2460 enunciato
1433 2412 1631 2470 directo,
1682 2414 1817 2478 quale
1866 2413 1954 2461 hoc
2005 2418 2097 2471 est,

292 2497 471 2546 admitti
502 2497 675 2561 nequit.
742 2497 905 2545 Multis
938 2497 1074 2554 locis,
1119 2497 1201 2545 ubi
1244 2497 1539 2561 participium
1582 2514 1822 2562 perperam
1855 2497 1920 2544 ita
1954 2498 2098 2561 expli—

293 2598 395 2629 care
441 2582 668 2640 solebant,
706 2582 834 2644 justa
877 2582 1194 2646 interpretatio
1239 2582 1312 2630 vel
1357 2582 1618 2630 emendatio
1652 2583 1815 2630 falsam
1848 2583 1966 2629 hanc
2000 2583 2096 2646 opi-

291 2666 478 2713 nionem
518 2666 775 2728 redarguit,
817 2670 871 2712 ut
913 2665 963 2713 in
1002 2666 1088 2712 hac
1128 2666 1229 2729 ipsa
1262 2665 1418 2712 fabula
1450 2682 1514 2714 vs.
1541 2668 1632 2712 185
1670 2683 1766 2730 sqq.
1803 2669 1912 2714 423.
1950 2669 2090 2713 1511.

292 2750 432 2798 Dind.
467 2752 613 2812 (meae
649 2750 719 2798 ed.
743 2767 808 2798 vs.
834 2753 941 2798 163.
968 2753 1076 2798 380.
1104 2752 1263 2812 1396).
1332 2749 1547 2796 Ceterum
1591 2755 1696 2814 post
1740 2752 1954 2812 ἐλπίζειν
1988 2751 2089 2797 loco

291 2834 435 2882 futuri
469 2851 604 2898 saepe
639 2850 855 2898 praesens
888 2835 961 2882 vel
996 2835 1216 2881 aoristum
1249 2834 1359 2897 poni
1394 2834 1502 2881 satis
1539 2838 1727 2880 constat.

357 3009 434 3056 Vs.
473 3011 546 3055 13.
615 3006 713 3056 εὖτ’
748 3006 802 3055 ἀν
835 3009 883 3056 δὲ
918 3011 1313 3068 νυκτίπλαγκτον
1344 3006 1543 3067 ἕνδροσον
1580 3005 1623 3052 τ’
1659 3007 1758 3065 ἔχω

615 3094 741 3149 εὖνῆν
777 3094 954 3153 ὀνείροις
989 3092 1068 3141 οὐκ
1102 3093 1495 3151 ἐπισκοπουμένην

618 3178 755 3236 ἐμὴν,
795 3176 944 3236 Φόβος
977 3181 1066 3237 γαρ
1101 3176 1194 3224 ἀνθ’
1231 3174 1372 3224 ὕπνου
1405 3177 1711 3233 παραστατεῖ

618 3270 672 3308 τῦ
706 3266 767 3320 μῆ
805 3262 1002 3320 βεβαίως
1040 3260 1270 3321 βλέφαρα
1300 3260 1565 3319 συμβαλεῖν
1597 3258 1749 3316 ὕπνῳ·

623 3345 739 3392 ὅταν
769 3344 809 3391 δ’
844 3345 1014 3393 ἀείδειν
1043 3345 1068 3396 ὓ
1102 3345 1359 3404 μινύρεσθαι
1393 3341 1535 3396 δοκῶ,

627 3427 766 3476 ἷίπνου
801 3426 898 3475 τόδ’
931 3429 1226 3490 ἀντίμολπον
1262 3425 1486 3485 ἐντέμνων
1519 3425 1660 3481 ἐίκος,

617 3515 768 3561 κλαίω
803 3510 911 3560 τότ’
948 3515 1071 3561 οἴκου
1107 3512 1247 3561 τοῦδε
1280 3510 1522 3570 συμφορὰν
1556 3510 1726 3558 στένων

626 3596 715 3656 οὐχ
752 3600 809 3651 ὡς
845 3600 908 3644 τα
943 3597 1094 3656 πρόσθ’
1128 3596 1300 3655 ἄριστα
1330 3595 1699 3652 διαπονουμένου.
