2340 3990
224 154 256 186 x
938 135 1304 184 PRAEFATIO.

215 278 503 340 Θυμοφθὸρον.
550 279 629 327 Vs,
667 280 758 326 218
795 293 822 324 a
863 277 998 325 Farn.
1038 280 1162 324 recte
1197 276 1365 325 absunt
1397 277 1535 325 verba
1573 282 1626 328 τὶ
1654 279 1704 328 δὲ
1739 283 2017 340 προκλύειν,

217 391 334 439 quae
385 375 554 424 adsunt
602 376 652 423 in
692 375 812 423 Flor.
850 373 1098 437 eademque
1132 373 1182 421 in
1214 372 1339 421 Med.
1384 374 1607 431 secunda,
1645 374 1833 439 antiqua
1865 380 2020 430 tamen

215 489 379 530 manu,
414 478 522 520 sunt
551 472 792 535 adscripta.
841 471 918 518 Vs.
939 474 1092 518 autem
1113 473 1204 517 938
1246 470 1381 519 Farn.
1416 471 1552 519 lectio
1586 472 1659 519 vel
1695 472 1849 535 potius
1884 473 2022 522 inter-

217 570 387 633 polatio
421 575 500 619 καῑ
537 573 684 633 ζυγῶν
718 572 858 632 θιγεῖν
895 571 980 630 βίᾳ
1014 584 1040 615 a
1068 567 1188 615 Flor.
1220 569 1436 627 δουλείαις
1471 572 1623 632 μάζης
1654 572 1736 631 βίαι
1761 570 1806 630 (l.
1826 571 2020 631 δουλίας

219 669 371 730 μάζης
404 669 521 727 βίον)
569 670 749 714 tantum
801 665 959 722 distat,
1015 669 1069 713 ut
1119 665 1196 713 vix
1246 664 1434 713 aliunde
1479 665 1569 713 nisi
1614 682 1638 713 e
1671 666 1836 714 lacuna
1868 672 2023 713 natam

219 766 368 827 putes.

284 859 464 922 Quodsi
528 859 744 907 vitiorum
811 875 980 922 genera
1049 859 1217 924 quibus
1273 859 1466 908 Orestea
1516 860 1692 908 laborat
1736 859 2021 908 attendimus

218 973 468 1021 eorumque
520 973 679 1005 causas
732 956 1020 1022 quaerimus,
1073 958 1185 1004 haec
1229 962 1324 1005 tam
1366 957 1643 1022 multiplicia
1688 962 1797 1005 sunt
1830 961 2019 1022 tamque

219 1057 402 1111 vetera,
438 1058 491 1101 ut
523 1070 752 1118 nusquam
786 1055 881 1102 fere
919 1054 1054 1102 latior
1076 1058 1231 1118 pateat
1265 1055 1445 1102 critices
1477 1055 1758 1103 exercendae
1782 1055 2023 1119 palaestra.

220 1151 292 1198 Ne
327 1168 576 1199 memorem
605 1151 775 1199 menda
809 1168 926 1216 quae
961 1151 1100 1199 modo
1135 1151 1285 1214 attigi,
1322 1169 1346 1199 e
1373 1152 1651 1215 syllabarum
1682 1152 1948 1200 confusione
1978 1156 2024 1199 et

221 1249 457 1296 literarum
496 1265 549 1296 ac
598 1265 765 1296 vocum
814 1249 1153 1313 permutatione
1205 1250 1321 1306 orta,
1369 1250 1458 1296 alia
1492 1266 1516 1296 e
1552 1249 1777 1313 scriptura
1810 1266 2024 1314 compen-

223 1345 367 1393 diaria
399 1346 449 1393 in
481 1346 722 1394 verborum
756 1348 955 1393 maxime
987 1345 1412 1403 terminationibUS,
1437 1350 1518 1393 aut
1542 1362 1566 1393 e
1587 1363 1726 1410 prava
1750 1351 2023 1395 accentuum

220 1443 485 1501 notatione,
539 1460 563 1490 e
603 1459 819 1507 perversa
864 1443 1255 1507 interpunctione,
1303 1460 1327 1490 e
1372 1443 1623 1491 scribarum
1669 1443 1868 1509 denique
1909 1444 2025 1492 osci·

220 1541 366 1590 tantia
413 1541 463 1588 in
511 1541 656 1588 literis
705 1541 780 1588 vel
829 1539 1096 1588 omittendis
1144 1540 1217 1587 vel
1266 1539 1488 1587 iterandis
1536 1541 1763 1604 profecta:
1812 1541 1926 1589 haec
1966 1545 2020 1589 ut

222 1639 448 1696 omittam,
494 1642 602 1686 sunt
641 1638 731 1686 alia
771 1637 926 1685 minus
970 1638 1020 1686 in
1066 1642 1224 1703 aperto
1258 1637 1410 1702 posita
1445 1654 1588 1702 eaque
1622 1638 1791 1702 partim
1823 1639 2026 1703 peranti-

223 1753 339 1801 qua,
374 1736 647 1798 glossemata
682 1734 809 1793 dico,
856 1751 974 1799 quae
1015 1736 1088 1784 vel
1128 1735 1178 1783 in
1212 1735 1443 1783 obscurati
1475 1735 1603 1783 verbi
1635 1752 1834 1784 vacuum
1867 1737 2022 1784 locum

222 1838 330 1882 sunt
363 1833 491 1880 illata
523 1832 598 1880 vel
631 1832 894 1896 explicandi
934 1832 1079 1895 gratia
1121 1811 1339 1880 annotata
1371 1832 1531 1880 furtim
1563 1832 1613 1879 in
1643 1836 1824 1881 textum
1856 1834 2022 1896 migra-

219 1934 340 1979 runt.
405 1930 620 1978 Notabile
655 1946 712 1978 ex
745 1930 830 1977 hoc
866 1946 1033 1992 genere
1069 1914 1333 1994 exemplum
1368 1933 1436 1977 est
1457 1946 1522 1977 VS.
1548 1931 1667 1987 111,
1692 1930 1774 1978 ubi
1801 1947 2021 1993 germana

221 2028 385 2085 lectio,
421 2031 597 2076 servata
628 2027 678 2075 in
708 2026 1029 2091 Aristophanis
1061 2027 1204 2075 Ranis
1235 2044 1300 2075 VS.
1341 2029 1482 2085 1321,
1533 2033 1615 2076 σῦν
1660 2028 1752 2089 δορὶ
1791 2033 1870 2077 καὶ
1916 2034 2024 2089 χερὶ

224 2131 477 2188 πράκτορι,
528 2125 579 2172 in
626 2123 838 2172 Mediceo
891 2124 1145 2189 ceterisque
1188 2124 1423 2172 codicibus
1459 2125 1595 2172 cessit
1629 2124 1760 2172 alteri
1792 2124 1903 2172 huic
1940 2131 2022 2174 σὺν

225 2224 315 2286 δορὶ
348 2225 479 2282 δίκαις
514 2229 770 2286 πράκτορι,
800 2238 918 2286 quae
954 2226 1110 2286 aperte
1147 2222 1376 2285 glossema
1409 2222 1514 2270 olet.
1582 2222 1640 2270 In
1671 2222 1906 2286 Hesychio
1937 2238 2028 2269 ser-

223 2321 354 2366 vatae
399 2321 507 2365 sunt
543 2319 700 2381 plures
738 2320 917 2382 glossae
958 2337 1017 2367 ex
1054 2320 1284 2384 Aeschylo
1329 2319 1613 2384 depromtae,
1645 2336 1762 2384 quae
1802 2336 1827 2367 e
1862 2318 2027 2367 codici-

225 2416 313 2463 bus
362 2432 607 2474 evanuere,
658 2416 707 2464 in
749 2417 821 2464 his
865 2417 1044 2480 integer
1094 2434 1241 2482 paene
1270 2434 1429 2466 versus
1464 2434 1602 2482 quem
1637 2418 1804 2483 ἕρμειίῳ
1840 2417 2027 2465 invento

226 2512 419 2577 protulit
452 2516 498 2560 et
519 2517 681 2577 poetae
712 2514 913 2562 restituit
945 2514 1237 2573 Dindorfius,
1269 2532 1436 2579 nempe
1463 2532 1527 2563 vs.
1550 2515 1657 2564 267:
1689 2516 1860 2578 φρουρὰ
1893 2534 2026 2577 προς-

229 2613 489 2673 οιιθρὶζουσοι
514 2614 748 2673 πόμπιμον
777 2613 970 2675 Φλόγοι,
1017 2629 1101 2676 pro
1144 2629 1236 2677 quo
1280 2612 1523 2661 Mediceus
1568 2613 1797 2678 ceterique
1846 2611 2028 2663 codices

228 2708 427 2755 offerunt
457 2708 692 2757 inficetum
724 2709 930 2757 huncce:
986 2711 1160 2773 φρουρὰ
1203 2714 1348 2761 πλέον
1393 2715 1591 2761 καίουσα
1639 2716 1730 2761 τῶν
1771 2713 2021 2772 εἰρημένων.

227 2805 301 2853 Ex
336 2805 495 2853 eodem
529 2822 695 2868 genere
761 2807 843 2854 sed
875 2807 1059 2855 serioris
1091 2810 1250 2866 notae,
1291 2811 1360 2854 est
1392 2807 1660 2854 Farnesiani
1685 2807 1791 2856 libri
1807 2823 1871 2856 vs.
1889 2805 2028 2854 modo

228 2903 441 2951 laudatus
477 2907 568 2952 938
589 2943 601 2962 ,
636 2904 766 2967 cujus
798 2906 900 2953 loco
935 2905 1164 2954 sincerum
1201 2906 1395 2954 servavit
1433 2905 1740 2954 FlorentinuS.

294 3001 509 3048 Lacunae
547 3001 597 3048 in
642 3002 1009 3064 Agamemnone,
1044 3020 1118 3051 me
1151 3002 1328 3065 judice,
1375 3003 1608 3068 aliquanto
1646 3003 1886 3067 pauciores
1920 3006 2029 3050 sunt

229 3115 368 3164 quam
412 3098 545 3146 multi
588 3099 906 3158 crediderunt3
946 3104 1103 3148 contra
1136 3101 1292 3164 plures
1331 3116 1490 3148 versus
1523 3100 1728 3157 insititii,
1770 3099 1895 3164 iique
1928 3117 2030 3164 par-

230 3196 314 3244 tim
364 3212 421 3243 ex
472 3196 571 3244 aliis
611 3197 779 3245 fabulis
813 3197 1101 3262 deprompti,
1144 3214 1258 3262 quos
1300 3198 1624 3260 grammaticus
1670 3197 1834 3262 aliquis
1873 3197 1930 3244 ob
1972 3197 2032 3244 si-

231 3294 538 3342 militudinem
578 3294 915 3358 adscripsisset,
966 3296 1134 3359 partim
1178 3312 1204 3343 a
1245 3295 1547 3344 versificatore
1594 3295 1796 3353 conflati,
1842 3295 1921 3359 qui
1955 3295 2031 3342 ad-

233 3391 411 3440 suendo
445 3392 598 3456 aliquo
631 3409 784 3456 panno
810 3394 1085 3441 sententiam
1115 3394 1350 3441 clariorem
1373 3393 1696 3457 amplioremve
1714 3393 1862 3440 facere
1878 3393 2029 3441 vellet.

231 3489 487 3537 Posteriora
522 3506 579 3537 ex
613 3506 780 3552 genere
813 3494 921 3538 sunt
955 3508 1024 3539 ex.
1060 3508 1125 3553 gr.
1161 3507 1321 3539 versus
1355 3490 1434 3555 qui
1471 3494 1576 3553 post
1608 3506 1673 3538 vs,
1704 3492 1730 3535 6
1764 3490 1906 3554 etqui
1923 3493 2028 3538 ante

234 3604 299 3637 vs.
347 3589 472 3636 1406
525 3587 662 3652 vulgo
703 3588 753 3636 in
789 3587 918 3636 libris
951 3589 1181 3652 leguntur,
1216 3605 1242 3635 a
1274 3605 1348 3638 me
1380 3588 1430 3637 in
1462 3587 1715 3650 marginem
1747 3587 1914 3651 rejecti.
1964 3587 2030 3636 Hi
