2340 3958
229 166 297 213 64·
964 173 1305 219 ΑΙΣΧΥΛΟΥ

563 328 898 393 ἀτημελήτους
937 330 1058 382 αἰέν·
1105 333 1150 382 ἐν
1187 330 1225 381 δ’
1265 330 1486 395 όνείρασιν

560 444 768 497 λεπταῖς
813 438 933 490 ὑπαὶ
973 438 1189 498 κώνωπος
1230 438 1538 504 ἐξηγειρόμην

558 552 740 614 ῥιπαῖσι
780 548 1090 612 θωύσσοντος,
1127 550 1266 618 οὲμφί
1301 570 1370 603 σοι
1409 550 1536 611 παθη

996 662 1019 672 συ

559 658 709 721 ὁρῶσα
748 657 899 710 πλείω
938 677 1021 711 του
1061 657 1335 727 ξυνᾴδοντος
1373 659 1552 725 χρόνου.

559 770 662 828 νῦν,
703 771 869 820 ταῦτα
906 765 1076 820 πάντα
1113 770 1277 831 vdeo-2
1318 769 1568 835 ἀπενθήτῳ
1605 771 1738 837 φρενὶ

1955 791 2032 829 895

559 876 749 942 λέγοιμ’
787 875 846 930 ἂν
884 876 1032 944 ἄνδρα
1069 877 1232 940 τόνδε,
1273 883 1364 932 τῶν
1407 880 1632 943 σταθμῶν
1664 880 1808 942 κύνα,

558 994 749 1052 σωτῆρα
787 987 896 1046 ναὸς
935 986 1177 1054 πρότονον,
1219 989 1410 1054 ὑψηλῆς
1448 988 1629 1052 στέγης

559 1101 733 1151 στῦλον
774 1098 995 1164 πέδωρον,
1032 1098 1282 1162 μονογενὲς
1319 1098 1478 1151 τέκνον
1516 1098 1687 1164 πατρὶ,

560 1206 822 1260 κάλλιστον
861 1203 990 1273 ἦμαρ
1029 1207 1206 1266 εἶςιδεῖν
1244 1208 1298 1260 ἐκ
1333 1206 1602 1272 χείματος,

228 1319 332 1368 810

561 1317 773 1382 ὁδοιπόρῳ
813 1317 1007 1382 διψῶντι
1047 1323 1257 1380 πηγαῖον
1294 1317 1387 1384 ῥέος

1953 1340 2034 1378 900

557 1427 639 1480 καὶ
680 1434 772 1490 γῆν
812 1432 1053 1494 φανεῖσαν
1091 1427 1327 1486 ναυτίλοις
1367 1426 1481 1494 παρ’
1521 1427 1711 1480 ἐλπίδα.

555 1537 742 1595 τοιοῖςδέ
781 1538 854 1589 τοί
890 1558 954 1590 νιν
991 1536 1107 1599 ἀξιῶ
1149 1537 1562 1606 προςφθέγμασιν.

554 1646 720 1713 φθόνος
754 1646 792 1698 δ’
831 1648 1055 1701 ἐπέστω·
1096 1649 1263 1702 πολλοὶ
1302 1650 1399 1714 γαρ
1438 1650 1492 1701 τὸ
1531 1649 1636 1714 πρὶν
1672 1650 1805 1702 κακοὶ

224 1842 276 1883 V.
306 1842 400 1883 809.
431 1844 540 1886 Fort.
568 1844 644 1898 leg.
674 1849 828 1898 γαληνὸν
847 1849 975 1902 ἦμαρ.

223 1936 274 1976 V.
304 1938 399 1978 811.
427 1937 520 1978 Post
546 1961 600 1967 —
629 1939 724 1995 παρ’
755 1942 888 1983 ἐλπίδα
914 1939 1004 1980 libri
1031 1940 1218 1980 insertum
1242 1939 1385 1981 habent
1412 1940 1515 1980 hunc
1542 1953 1719 1998 versum:

663 2017 820 2069 τερπνὸν
853 2014 892 2054 δὲ
916 2018 1138 2065 τάναγκαῖον
1165 2017 1330 2067 ἐκφυγεῖν
1355 2015 1471 2055 ἅπαν.

220 2120 270 2160 V.
315 2121 408 2160 804.
450 2122 689 2168 ξυνεύδοντος.

273 2193 368 2232 813.
397 2198 448 2234 τὰ
476 2198 575 2250 πρὶν.

219 2333 311 2373 dicit
359 2334 468 2386 quasi
509 2335 689 2374 maritum
735 2337 1011 2383 promissorum
1050 2341 1088 2378 et

220 2402 392 2454 conjugis
432 2401 591 2442 oblitum
646 2403 760 2443 fuisse
802 2405 997 2452 crederet,
1045 2408 1087 2445 ut

221 2468 410 2522 Penelope
440 2469 645 2522 Ulyssem,
688 2471 727 2510 in
759 2472 887 2511 Ovidii
923 2472 1086 2513 Heroid.

222 2535 266 2583 I,
318 2537 359 2576 in
407 2550 482 2589 qua
521 2537 691 2591 Epistola
725 2538 835 2591 plura
871 2543 962 2579 sunt
998 2553 1085 2580 cum

222 2602 547 2654 Clytaemestrae
575 2606 684 2646 dictis
713 2607 981 2659 comparanda.

274 2673 369 2711 806.
399 2672 631 2726 Interpunxi
669 2674 766 2713 sicut
796 2675 895 2714 Vict.
918 2678 954 2714 et
971 2676 1084 2715 Cant.

220 2751 338 2790 quum
366 2738 536 2793 plerique
564 2743 649 2793 post
674 2743 797 2798 ἄνδρα
823 2743 927 2784 τόνδε
953 2742 1085 2796 virgu-

218 2805 294 2845 lam
322 2806 482 2855 tollant,
513 2822 590 2848 non
621 2809 966 2850 animadvertentes
990 2811 1082 2861 jun-

219 2875 367 2913 cturam
390 2874 591 2915 verborum
616 2877 714 2916 hanc
739 2890 841 2917 esse:
873 2881 935 2919 τὸν
963 2879 1085 2934 ἄνδρα

221 2941 350 2993 τόνδε,
394 2950 467 2983 τῶν
510 2947 686 2997 σταθμῶν
713 2945 823 2998 κύνα,
868 2944 1012 2999 λέγοιμ’
1038 2951 1083 2988 ἂν

222 3015 378 3064 σωτῆρα
419 3014 502 3057 ναὸς
539 3014 618 3053 κτὲ.
677 3020 750 3054 τῶν
792 3018 969 3067 σταθμῶν
995 3015 1082 3056 κύνα

219 3076 455 3127 appositione
483 3077 652 3118 additum
693 3083 749 3119 est
775 3079 893 3120 verbo
920 3084 984 3123 τὸν
1012 3088 1081 3122 ἄν-

220 3143 317 3197 δρα,
348 3143 535 3196 significat
562 3148 756 3186 custodem
787 3148 922 3188 domus
948 3163 979 3189 s.
1004 3163 1078 3202 pa-

219 3215 317 3250 trem
345 3211 560 3264 familias,
605 3226 682 3253 non
718 3219 845 3254 autem
874 3219 931 3255 est
958 3217 1077 3257 hono-

221 3277 277 3316 ris
303 3277 533 3330 appellatio;
577 3292 650 3330 quo
679 3293 789 3320 sensu
814 3286 916 3321 certe
931 3283 1077 3335 epithe-

217 3347 283 3384 ton
313 3344 486 3397 aliquod,
517 3349 662 3398 ἐσθλὸν,
706 3352 837 3389 πιστὸν
863 3352 929 3389 aut
957 3350 1079 3390 simile

217 3411 304 3451 addi
345 3416 384 3451 et
425 3415 556 3452 contra
604 3414 806 3453 articulum
845 3424 919 3457 τῶν
954 3417 1080 3457 omitti

217 3479 459 3531 oportuisset.
519 3481 633 3520 Hanc
672 3494 751 3521 esse
782 3482 1003 3533 juncturam
1032 3497 1077 3524 ex

217 3559 260 3585 eo
290 3546 403 3586 etiam
445 3549 576 3600 patet,
619 3549 719 3600 quod
759 3549 827 3589 tali
868 3552 979 3592 modo
1019 3552 1076 3592 bis

762 2124 856 2163 808.
913 2125 1040 2164 στύλον
1084 2123 1145 2164 vel
1186 2127 1311 2167 στόλον
1350 2126 1510 2180 ποδήρη.

1581 2124 1674 2164 812.
1712 2126 1866 2172 τοιοῖςὸε
1902 2129 2031 2168 τοίνυν.

1166 2340 1276 2379 terna
1304 2339 1520 2392 praedicata
1553 2338 1623 2379 sibi
1650 2341 1919 2392 opponuntur:
1947 2344 2031 2387 ναὸς

1172 2412 1379 2464 πρότονος,
1410 2414 1543 2460 στέγης
1573 2410 1724 2458 στῦλον,
1757 2424 1884 2461 μονογ.
1911 2415 2033 2449 τέκνον

1168 2477 1313 2530 πατρίς
1341 2478 1421 2514 tum
1454 2476 1566 2530 ἦμαρ
1594 2478 1634 2515 ἐκ
1657 2477 1866 2528 χείματος,
1885 2475 2031 2529 διψῶντι

1167 2544 1277 2596 ῥέος,
1333 2549 1382 2594 γῆ
1421 2544 1613 2589 ναυτίλοις.
1670 2542 1792 2594 Quale
1827 2543 2030 2582 artificium

1167 2609 1399 2660 Aeschyleae
1423 2609 1579 2649 dictioni
1594 2608 1706 2661 plane
1719 2609 1945 2648 conveniens
1958 2613 2030 2649 est.

1223 2677 1318 2716 813.
1348 2681 1472 2731 φθόνος
1513 2676 1545 2718 δ’
1569 2682 1747 2720 ἀπέστω·
1792 2679 1913 2717 πολλὰ
1950 2681 2029 2732 γὰρ

1168 2745 1246 2786 κτὲ.
1309 2744 1452 2784 nAbsit
1488 2745 1654 2792 invidia,
1684 2744 1718 2783 si
1743 2745 1842 2783 forte
1878 2744 1918 2783 in
1945 2743 2028 2783 lau-

1166 2811 1289 2851 dando
1316 2814 1356 2851 te
1383 2812 1538 2852 modum
1562 2824 1776 2852 excessero:
1805 2824 1894 2851 nam
1922 2811 2027 2864 prio-

1165 2890 1209 2917 ra
1251 2878 1351 2919 mala
1392 2879 1597 2932 derepente
1637 2879 1678 2919 in
1717 2879 1897 2931 gaudium
1934 2891 2025 2918 con-

1160 2958 1271 2985 versa
1304 2947 1402 2986 hanc
1441 2947 1592 2987 veniam
1635 2946 1767 2986 dant?
1823 2947 1927 2985 Nota
1969 2949 2027 2986 est

1159 3015 1334 3053 veterum
1366 3013 1431 3053 illa
1467 3014 1654 3055 sententie
1669 3045 1680 3061 ,
1722 3012 1963 3066 magniloqua
1989 3016 2028 3053 et

1159 3078 1323 3133 gloriosa
1359 3081 1475 3121 verba
1509 3081 1656 3133 insequi
1694 3081 1860 3120 divinam
1887 3081 2024 3120 invidi-

1158 3160 1248 3187 am:
1278 3138 1378 3187 und'e
1405 3150 1578 3189 Socrates
1591 3148 1630 3188 in
1646 3147 1815 3188 Platonis
1829 3148 2024 3189 Phaedon.

1159 3217 1286 3263 c.44,
1316 3229 1356 3268 p.
1373 3217 1424 3257 95
1451 3216 1504 3256 B:
1536 3217 1678 3269 ὦγαθε,
1704 3222 1759 3268 μὴ
1786 3221 1891 3268 μέγα
1915 3219 2022 3268 λέγε,

1158 3290 1274 3336 μήτις
1301 3286 1407 3336 ἡμῶν
1430 3286 1620 3338 βασκανία
1640 3289 1851 3340 περιτρέψῃ
1875 3288 1936 3325 τὸν
1959 3287 2022 3325 λό-

1162 3367 1238 3403 γον.
1283 3350 1587 3402 Clytaemnestra
1614 3355 1742 3390 autem
1768 3352 1923 3391 subdole
1950 3353 2023 3392 hoc

1158 3418 1275 3466 dicit,
1315 3422 1439 3474 φθόνος
1476 3416 1508 3458 δ’
1539 3423 1721 3469 ἀπέστω,
1764 3419 1906 3472 quippe
1925 3432 2022 3471 quae

1157 3485 1254 3525 nihil
1277 3486 1398 3538 magis
1420 3486 1624 3537 quaerebat
1644 3499 1759 3538 quam
1777 3490 1822 3526 ut
1838 3486 2019 3527 invidiam

1158 3553 1323 3593 divinam
1358 3553 1497 3593 marito
1525 3554 1744 3593 concitaret.
