2340 3958
293 210 359 258 68
1027 222 1372 268 ΑΙΣΧΥΛΟΥ

626 375 783 439 άνθος,
825 383 1032 444 στρατοῦ
1071 378 1259 444 δώρημ’,
1300 380 1402 444 ἐμοὶ
1443 378 1718 442 ξυνέσπετο.
2030 399 2109 439 955

296 485 399 536 865
629 486 731 539 ἐπεὶ
766 487 806 539 δ’
847 489 1034 542 άκούειν
1072 494 1155 542 σοῦ
1194 490 1577 558 κατέστραμμαι
1616 490 1761 555 τάδε,

627 593 724 657 εἶμ’
768 598 815 655 ἐς
855 597 1008 661 δόμων
1045 599 1268 667 μέλαθρα
1305 601 1554 668 πορφύρας
1593 604 1774 654 πατῶν.

485 714 588 758 ΚΛ.
624 704 752 759 ἔστιν
791 706 1023 761 θάλασσα
1061 740 1134 747 —
1172 709 1246 768 τίς
1286 710 1334 763 δέ
1372 731 1437 763 νιν
1475 709 1804 774 κατασβέσεις

633 815 879 883 τρέφουσα
916 826 1103 881 πολλῆς
1142 820 1392 889 πορφύρας
1431 820 1680 887 ἰσάργυρον

629 925 836 988 κηκῖδα,
878 927 1230 990 παγκαίνιστον
1268 929 1480 993 εἱμάτων
1518 930 1708 999 βαφήν.
2036 948 2116 988 960

300 1031 404 1082 870
634 1032 769 1093 οἴκοις
801 1033 839 1086 δ’
880 1034 1090 1103 ὑπάρχει
1129 1037 1272 1090 τῶνδε
1310 1039 1395 1092 σὺν
1434 1040 1549 1099 θεοῖς
1588 1037 1698 1097 ἅλις

636 1141 766 1209 ἔχειν
781 1186 793 1206 ,
832 1145 1054 1199 πένεσθαι
1086 1147 1126 1199 δ’
1162 1150 1246 1200 οὐκ
1283 1148 1547 1201 ἐπίσταται
1587 1148 1743 1213 δόμος.

635 1260 827 1308 πολλῶν
865 1257 1125 1320 πατησμὸν
1157 1257 1196 1309 δ’
1235 1256 1449 1322 εἱμάτων
1487 1256 1548 1311 ἂν
1586 1257 1803 1323 εὐξάμην

640 1363 848 1428 δόμοισι,
890 1366 1256 1433 προύνεχθέντος
1295 1370 1343 1421 ἐν
1380 1367 1681 1436 χρηστηρίοις

644 1478 817 1540 ψυχῆς
855 1474 1094 1543 κόμιστρα
1131 1477 1272 1539 τῆςδε
1310 1478 1656 1546 μηχανωμένη.
2040 1496 2118 1535 965

305 1584 408 1633 875
636 1583 759 1650 ῥίζης
799 1586 897 1652 γάρ
936 1586 1078 1649 οὔσης
1117 1588 1320 1657 φυλλάς
1358 1586 1476 1642 ἵκετ’
1514 1589 1562 1648 ἐς
1600 1588 1761 1652 τομάς

636 1695 776 1748 σκιάν
816 1695 1137 1763 ὑπερτείνασα
1175 1698 1340 1764 σειρίου
1378 1698 1529 1758 κυνός.

634 1801 720 1855 καὶ
757 1809 840 1857 σοῦ
880 1804 1109 1869 μολόντος
1148 1806 1412 1871 δωματῖτιν
1451 1807 1647 1870 ἑστίαν,

641 1913 824 1975 θάλπος
861 1917 951 1981 μὲν
989 1919 1037 1970 ἐν
1073 1922 1277 1984 χειμῶνι
1317 1919 1565 1981 σημαίνεις
1603 1918 1776 1983 μολόν·

311 2119 362 2160 V.
392 2121 487 2165 873.
517 2123 635 2164 Forte
662 2124 736 2179 leg.
768 2130 894 2169 θεοῖσι.
954 2127 1046 2170 878.
1076 2127 1186 2167 Fert.
1215 2126 1290 2181 leg.
1322 2129 1495 2180 σημαίνει
1523 2130 1647 2180 μολόν.

310 2236 360 2277 V.
392 2239 470 2278 868
488 2253 547 2292 sq.
576 2245 627 2288 εἰς
651 2246 815 2298 ἄργυρον
829 2245 961 2290 κηκῖδα
974 2247 1263 2298 παγκαίνιστον,
1287 2247 1454 2298 εἱμάτων
1466 2248 1610 2300 βαφάς.
1670 2242 1766 2286 870.
1797 2244 1859 2284 σὺν
1877 2247 1991 2292 θεοῖς,
2009 2246 2119 2292 ἅναξ.

362 2310 455 2354 872.
485 2315 668 2366 ηὐξάμην.
739 2316 833 2359 874.
861 2323 1151 2371 μηχανωμένης.
1228 2318 1324 2360 875.
1354 2321 1390 2364 ἐς
1420 2318 1568 2370 δόμους.
1639 2316 1732 2359 878.
1765 2318 1958 2369 σημαίνεις
1984 2319 2121 2368 μολών.

357 2473 452 2516 872.
482 2479 625 2517 πολλῶν
650 2481 852 2531 πατησμὸν
879 2480 959 2521 κτὲ.
1017 2480 1169 2519 Multas

306 2541 482 2593 equidem
500 2557 723 2598 purpureas
744 2551 867 2586 vestes
890 2548 1102 2588 calcandas
1125 2547 1169 2587 in

307 2609 470 2650 aedibus
495 2613 679 2653 vovissem
693 2645 704 2662 ,
728 2614 764 2654 si
777 2615 825 2654 id
835 2615 1055 2656 indicatum
1070 2615 1169 2655 mihi

294 2676 448 2728 fuisset
489 2693 561 2731 per
603 2681 782 2722 victimas
822 2684 1052 2736 quaerenti,
1097 2696 1171 2735 quo

308 2758 467 2785 munere
507 2761 538 2787 s.
569 2761 642 2800 quo
663 2751 796 2802 pretio
825 2752 973 2791 hancce
999 2752 1171 2791 animam

309 2813 495 2854 reducere
523 2829 690 2868 possem.
747 2818 907 2858 Dativus
936 2820 1082 2872 δόμοισι
1110 2818 1174 2859 hic

309 2882 418 2920 notat
437 2881 539 2922 idem
558 2885 639 2924 fere
661 2886 761 2938 quod
783 2890 818 2927 ἐν
839 2887 1011 2940 δόμοισι,
1039 2900 1173 2939 quam-

314 2960 429 2998 quam
466 2952 624 3004 proprie
651 2953 839 3006 significat
866 2956 1001 2995 domus
1026 2955 1174 3007 impen-

312 3015 394 3062 sis,
425 3019 468 3057 ut
496 3018 629 3059 domus
658 3021 714 3060 rei
742 3023 912 3062 sumtum
938 3023 1037 3062 ferat
1052 3040 1063 3070 ;
1106 3035 1181 3074 quo

314 3095 427 3122 sensu
462 3098 573 3138 saepe
607 3087 687 3139 jam
720 3089 887 3142 positum
924 3090 1101 3130 vidimus.
1127 3110 1183 3119 —-

315 3152 603 3204 προύνεχθέντος
617 3169 640 3194 n
645 3169 682 3207 p.
699 3161 765 3199 τοῦ
779 3161 1011 3212 πράγματος
1023 3189 1035 3210 ,
1048 3169 1181 3209 quem-

316 3217 521 3258 admodum
559 3223 804 3275 participium
844 3224 1038 3264 interdum
1083 3224 1184 3263 nude

322 3284 414 3336 poni
445 3287 686 3330 notissimum
713 3293 795 3331 est:
826 3291 903 3332 vid.
934 3292 1079 3332 Matth.
1110 3292 1182 3331 Gr.

323 3358 341 3401 ς
386 3353 480 3394 563.
548 3355 722 3397 Positum
764 3361 821 3398 est
857 3361 985 3398 autem
1027 3358 1184 3412 propria

323 3420 599 3473 significatione
650 3424 757 3465 verbi
798 3433 1019 3482 προφέρειν,
1067 3427 1103 3465 si
1139 3426 1187 3465 id

321 3489 418 3528 mihi
448 3491 651 3542 proditum
676 3492 755 3533 sive
782 3499 975 3533 ostensum
1000 3494 1153 3547 suisset
1168 3522 1183 3541 ,

321 3569 389 3608 np.
433 3569 503 3609 per
544 3561 655 3599 exta:
711 3561 814 3600 Nam
869 3561 969 3613 quod
1012 3560 1184 3613 sequitur

325 3627 359 3662 ἐν
397 3627 641 3682 χρηστηρίοις
678 3639 754 3667 non
790 3627 836 3667 de
865 3627 1015 3668 oraculo
1044 3627 1182 3682 accipis

1248 2478 1409 2526 endum,
1454 2477 1519 2518 sed
1561 2477 1607 2517 de
1643 2477 1785 2517 hostiis
1812 2489 1883 2530 per
1910 2489 2005 2528 quas
2033 2476 2124 2517 deo·-

1249 2558 1338 2586 rum
1364 2545 1602 2586 voluntatem
1632 2544 1817 2584 sciscitari
1845 2544 2040 2591 studeret3
2069 2544 2126 2583 sie

1250 2626 1367 2666 supra
1398 2627 1456 2654 vs.
1490 2613 1565 2652 101
1603 2612 1745 2652 dieitur
1773 2616 1814 2653 ἐκ
1846 2616 1974 2654 θυσιῶν
2000 2615 2124 2663 ἀγανοὶ

1254 2677 1413 2722 σαίνουσ’
1440 2682 1566 2727 ἐλπίς;
1594 2679 1707 2732 idque
1727 2679 2022 2719 construendum
2045 2690 2124 2717 non

1254 2761 1341 2788 cum
1371 2750 1675 2805 προύνεχθέντος,
1700 2747 1754 2787 ita
1782 2746 1885 2786 enim
1914 2745 1989 2784 dici
2010 2757 2125 2796 opor-

1253 2816 1388 2856 tuisset
1419 2819 1460 2856 ἐκ
1495 2817 1760 2872 χρηστηρίων,
1791 2813 1853 2854 sed
1863 2812 1975 2864 jung.
1991 2829 2128 2865 μηχα-

1256 2890 1397 2937 νωμένη
1416 2888 1451 2924 ἐν
1481 2881 1814 2940 χρηστηρίοις,ζίῐι
1844 2892 1919 2932 quo
1947 2882 1984 2919 ἐν
2005 2878 2126 2918 abun-

1257 2952 1335 2991 dat.
1376 2952 1466 2990 Non
1492 2951 1684 2990 intellecta
1709 2947 1782 2988 loci
1804 2945 1991 2987 sententia
2019 2945 2128 2984 Har-

1262 3019 1442 3071 tungium
1486 3018 1534 3057 ad
1581 3015 1824 3058 temerariam
1869 3012 2129 3064 conjecturam

1264 3086 1435 3126 adduxit.

1319 3154 1415 3196 875.
1443 3155 1553 3208 ῥίζης
1578 3154 1656 3206 γὰρ
1683 3151 1809 3195 οὔσης.
1846 3148 1918 3188 Est
1934 3147 2028 3187 haec
2043 3159 2131 3187 sen-

1263 3222 1384 3261 tentia
1402 3219 1610 3274 generalis:
1639 3235 1658 3251 n
1674 3216 1740 3256 ubi
1755 3215 1863 3256 radix
1878 3215 2012 3262 adest,
2029 3213 2132 3254 ultro

1263 3288 1418 3329 frondes
1459 3283 1690 3339 pullulant.''
1744 3282 1891 3322 Deinde
1927 3282 1974 3321 ad
2003 3282 2133 3334 ipsum

1267 3357 1591 3407 Agamemnonem
1614 3364 1654 3393 se
1677 3351 1806 3390 vertit.
1825 3374 1880 3380 —
1909 3353 2048 3396 θάλπος
2063 3351 2135 3401 μὲν

1265 3427 1301 3464 ἐν
1341 3428 1526 3476 χειμῶνι,
1571 3431 1614 3458 eo
1650 3418 1846 3458 venustius
1878 3417 1951 3457 hoe
1988 3416 2134 3455 dietum

1263 3490 1364 3542 quod
1414 3488 1497 3541 ipso
1538 3486 1695 3525 ineunte
1733 3498 1823 3526 vere
1869 3486 2135 3537 Agamemnon

1264 3555 1411 3598 redibat
1448 3557 1486 3594 et
1525 3554 1579 3593 ita
1605 3554 1711 3606 quasi
1742 3550 1998 3594 annuntiabat
2027 3549 2132 3591 veni-

1264 3626 1391 3665 entem
1419 3623 1616 3662 aestatem.
1853 3611 1865 3624 ⁸

2331 974 2340 984 π
2332 883 2340 912 .·-
2332 869 2340 876 ι
2328 797 2340 856 ——m
