2340 3958
873 197 1344 244 ΑΓΑΜΕΜΝΩΝ.
1952 191 2019 240 49

540 357 747 416 πολλοὺς
786 356 833 409 δὲ
872 360 1064 410 πολλῶν
1103 355 1450 419 ἐξαγισθέντας
1491 356 1643 421 δόμων

533 467 708 535 ἄνδρας
747 468 894 535 διπλῇ
933 467 1148 532 μάστιγι
1186 469 1274 529 την
1304 467 1459 534 ’Ἄρης
1497 472 1668 536 φιλεῖ,

533 578 762 643 δίλογχον
800 575 950 640 άτην,
989 578 1182 645 φοινίαν
1219 575 1450 644 ξυνωρίδα
1473 611 1544 618 -

528 687 712 741 τοιῶνδε
747 687 907 751 μέντοι
945 686 1186 750 πημάτων
1223 688 1551 752 σεσαγμένον,

533 796 700 862 πρέπει
742 795 911 857 λέγειν
949 797 1143 847 παιάνα
1180 794 1302 847 τόνδ’
1342 797 1586 862 Ἐρινύων·
1949 814 2025 851 645

532 905 766 971 σωτηρίων
805 903 855 956 δὲ
894 903 1209 970 πραγμάτων
1249 904 1525 967 εὐάγγελον

536 1012 712 1075 ἥκοντα
750 1013 862 1080 πρὸς
900 1012 1172 1079 χαίρουσαν
1210 1015 1400 1066 εὐεστοῖ
1435 1013 1602 1078 πόλιν,

534 1128 635 1183 πῶς
673 1123 816 1176 κεδνοὶ
855 1129 955 1182 τοῖς
994 1129 1182 1175 κακοῖσι
1223 1122 1451 1187 συμμίξω
1490 1123 1647 1186 λέγων

535 1239 760 1301 χειμῶνα
799 1235 909 1303 δᾷον
948 1235 1032 1286 οὐκ
1070 1234 1306 1298 άμηνιτον
1345 1234 1490 1297 aeon-3

202 1346 305 1396 590

533 1342 811 1408 ξυνώμοσαν
849 1344 947 1410 γάρ
986 1343 1115 1403 ὄντες
1156 1342 1367 1409 ἔχθιστοι
1406 1344 1462 1396 τὸ
1503 1344 1641 1411 πρὶν,

1946 1364 2024 1402 650

534 1458 628 1520 πῦρ
666 1454 749 1506 καὶ
790 1453 1049 1517 θάλασσα,
1087 1453 1168 1506 καὶ
1209 1455 1277 1507 τά
1316 1452 1451 1507 πίστ’
1491 1452 1736 1516 ἐδειξάτην

535 1564 778 1632 φθείροντε
816 1565 897 1617 τὸν
937 1565 1160 1626 δύστηνον
1201 1564 1429 1631 Ἀργείων
1470 1565 1700 1631 στρατὸν,

534 1676 582 1726 ἐν
620 1674 781 1727 νυκτὶ·
823 1675 1141 1739 δυςκύμαντα
1175 1673 1213 1726 δ’
1255 1674 1415 1742 ὠρώρει
1454 1674 1603 1727 κακά.

533 1789 648 1843 ναῦς
689 1785 787 1850 γάρ
828 1785 941 1848 πρὸς
981 1786 1251 1846 άλληλαισι
1292 1785 1492 1850 Θρῄκιαι
1533 1783 1672 1835 πνοαὶ

202 1957 253 1998 V.
289 1957 382 1998 589.
412 1957 568 2011 χειμῶν’
597 1957 770 2012 Ἀχαιῶν.

258 2095 352 2135 581.
382 2097 645 2148 ἐξαγισθέντας
670 2098 816 2149 δόμων,
846 2096 947 2136 idem
968 2097 1068 2149 quod

202 2166 243 2203 ἐκ
272 2163 396 2215 δόμων
423 2167 670 2218 ἁγισθέντας,
717 2170 759 2204 ut
787 2178 898 2218 saepe
925 2165 966 2205 in
994 2165 1067 2204 hu-

196 2230 365 2282 jusmodi
393 2233 634 2284 compositis,
666 2235 708 2272 ut
734 2246 792 2274 vs.
811 2234 914 2273 528:
948 2237 1071 2290 σπέρ-

200 2317 261 2352 μα
303 2303 429 2347 πάσης
467 2301 719 2346 ἐξαπόλλυται
756 2305 898 2355 χθονός.
957 2301 1068 2342 Pers.

201 2368 308 2407 811:
353 2364 539 2420 δαιμόνων
576 2370 607 2410 θ’
639 2370 834 2425 ἱδρύματα
858 2374 1070 2426 ,πρόρριζοι

203 2436 339 2492 φύρδην
375 2438 683 2493 ἐξανέστραπται
712 2441 880 2493 βάθρων.
939 2438 1067 2490 Signi-

200 2504 290 2543 fieat
329 2505 576 2544 victimarum
617 2506 748 2544 instar
775 2519 796 2544 e
823 2506 998 2545 domibus
1025 2505 1070 2544 in

199 2584 334 2624 roqum
361 2577 508 2624 raptos.
554 2572 645 2612 Vid.
676 2573 894 2613 Comment.

257 2640 352 2679 582.
393 2641 505 2698 διπλῇ
546 2645 724 2694 μάστιγι.
792 2660 810 2676 n
826 2642 1069 2694 Quamquam

202 2707 314 2755 διπλῆ·
341 2711 488 2760 μάστιξ
530 2710 687 2762 proprie
715 2709 903 2763 significet
931 2709 1071 2762 duplex

198 2775 394 2829 flagellum
416 2776 520 2827 (bina
542 2777 686 2817 habens
708 2777 827 2826 lora),
859 2777 962 2830 quali
986 2781 1069 2818 ute-

200 2842 364 2891 bantur,
421 2847 466 2884 ut
520 2844 580 2885 vel
622 2858 669 2885 ex
710 2846 828 2897 Ajace
871 2845 1070 2899 Sophoclis

200 2924 257 2951 vs.
288 2911 368 2950 242
410 2915 583 2960 constat,
627 2913 812 2953 translata
846 2915 909 2954 hic
938 2917 996 2954 est
1023 2913 1070 2953 ad

201 2978 340 3032 duplex
392 2979 538 3022 malum
587 2979 747 3031 (cladem
799 2981 991 3035 publicam
1032 2986 1071 3021 et

202 3046 430 3098 privatam),
479 3051 523 3088 ut
573 3048 613 3088 in
653 3050 829 3103 Choeph.
873 3051 954 3093 370
997 3051 1070 3099 (δι-

201 3115 296 3162 πλῆς
323 3116 648 3172 μαράγνης).”-
674 3117 737 3157 Ita
757 3120 860 3157 recte
871 3118 1066 3157 Herman-

202 3193 296 3228 nus,
337 3184 451 3235 idque
492 3184 552 3225 vel
596 3198 643 3225 ex
684 3186 812 3225 addito
855 3192 920 3235 τὴν
951 3186 1070 3244 ’Ἄρης

204 3251 300 3303 φιλεῖ
340 3252 584 3292 manifestum
637 3256 719 3301 est3
779 3267 852 3306 pro
895 3268 993 3307 quo,
1036 3256 1069 3295 si

203 3319 352 3368 μάστιξ
375 3319 530 3371 proprie
553 3320 719 3372 positum
743 3324 862 3369 esset,
882 3326 993 3374 poeta
1011 3322 1066 3361 di-

202 3384 318 3424 xisset
345 3391 411 3435 τὴν
430 3385 547 3443 ’Ἄρης
575 3395 694 3446 φορεῖ.
740 3389 856 3428 Recte
883 3390 982 3429 enim
1010 3391 1066 3429 di-

203 3453 303 3492 citur
346 3456 461 3508 φιλεῖν
501 3462 628 3511 φόνον,
673 3459 789 3512 φιλεῖν
821 3462 943 3510 κακά,
991 3472 1068 3498 non

205 3523 320 3575 φιλεῖν
346 3527 545 3576 μάστιγα,
577 3532 786 3582 σκήπτρου,
819 3527 975 3579 proprio
997 3527 1066 3566 ho·

203 3601 290 3628 rum
318 3589 588 3631 vocabulorum
615 3593 845 3644 significatu.

1206 2096 1300 2135 585.
1335 2100 1475 2152 πρέπει
1505 2097 1625 2147 λέγειν
1643 2103 1790 2138 παιᾶνα
1807 2096 1904 2137 τόνδ’
1920 2096 2025 2153 Ἐρι-

1150 2165 1249 2205 νύων.
1296 2164 1400 2204 τόνδε
1441 2165 1567 2203 refero
1605 2166 1651 2203 ad
1693 2177 1920 2216 personam,
1964 2169 2026 2207 τὸν

1153 2237 1406 2285 σεσαγμένον,
1450 2244 1528 2270 non
1558 2231 1605 2270 ad
1633 2239 1805 2284 παιᾶνα,
1837 2236 1880 2272 ut
1907 2233 2023 2286 pleri-

1150 2312 1247 2352 que3
1278 2301 1352 2339 hoe
1382 2299 1485 2339 enim
1516 2299 1750 2352 significaret
1764 2301 1894 2340 dirum
1909 2302 2026 2341 hocce

1150 2381 1307 2407 carmen
1354 2368 1475 2421 (quod
1514 2381 1582 2420 eqo
1624 2371 1776 2416 canam)
1793 2385 1809 2414 ;
1865 2372 1905 2408 at
1945 2383 2023 2409 non

1152 2435 1255 2475 canit
1297 2434 1436 2474 furiale
1482 2448 1660 2483 carmen,
1708 2437 1773 2475 sed
1801 2442 2020 2485 aversatur3

1152 2503 1280 2543 classis
1307 2503 1565 2543 infortunium
1603 2504 1657 2543 sie
1701 2509 1835 2544 narrat
1864 2507 1905 2544 ut
1931 2518 2021 2558 gra-

1150 2572 1309 2611 vitatem
1327 2570 1442 2611 cladis
1465 2571 1564 2611 laeto
1587 2571 1769 2611 victoriae
1785 2577 1923 2612 eventu
1949 2573 2020 2612 mi-

1151 2639 1264 2692 tiget.
1321 2639 1542 2679 Pronomen
1572 2651 1795 2692 praegresso
1822 2641 2024 2694 participio

1152 2720 1264 2760 saepe
1291 2706 1377 2746 addi
1406 2706 1499 2747 satis
1527 2710 1663 2746 notum
1691 2712 1761 2747 est.

1209 2775 1415 2815 586—89.
1447 2777 1642 2831 σωτηρίων
1670 2776 1777 2815 δὲ-
1807 2778 1869 2817 οὐκ
1883 2781 2024 2830 ἀμήνι-

1152 2859 1216 2884 τον
1231 2846 1340 2889 θεοῖς.
1371 2843 1428 2881 De
1443 2843 1727 2883 constructione
1737 2845 1785 2883 ef.
1802 2844 2021 2885 Comment.

1211 2912 1304 2950 590.
1347 2912 1568 2963 ξυνώμοσαν
1594 2917 1671 2968 γὰρ
1700 2914 1777 2952 κτὲ.
1838 2912 2021 2952 Animad-

1153 2981 1326 3018 vertatur
1375 2979 1528 3031 generis
1566 2982 1604 3018 et
1641 2980 1792 3019 numeri
1827 2981 2022 3034 enallage:

1155 3049 1372 3100 ξυνώμοσαν
1413 3046 1514 3094 ’ὀντες
1542 3049 1711 3101 ἔχθιστοι
1729 3079 1737 3086 .
1757 3079 1765 3087 .
1786 3079 1795 3086 .
1841 3052 1920 3106 πῦρ
1962 3053 2024 3091 καὶ

1154 3116 1328 3155 θάλασσα
1353 3146 1362 3153 .
1381 3146 1391 3154 .
1411 3145 1420 3154 .
1452 3116 1648 3163 ἐδειξάτην
1675 3118 1880 3172 φθείροντε.
1914 3117 2023 3169 Quae

1153 3181 1324 3234 enallage
1351 3181 1440 3221 inde
1468 3183 1712 3236 explicanda,
1742 3185 1842 3236 quod
1870 3185 1916 3224 ad
1933 3187 2021 3232 ξυν-

1154 3257 1308 3303 ώμοσαν
1334 3252 1470 3302 poetae
1497 3251 1626 3291 animo
1648 3251 1922 3292 obversabatur
1949 3267 2018 3293 no·

1151 3331 1240 3358 men
1269 3320 1510 3372 ξυνωμόται,
1556 3332 1631 3371 quo
1674 3321 1842 3360 refertur
1869 3321 2020 3374 praedi-

1151 3389 1278 3426 catum
1308 3386 1409 3433 ὄντες
1438 3390 1606 3441 ἔχθιστοι
1634 3393 1786 3444 τόπριν;
1817 3394 2020 3441 postquam

1151 3467 1241 3494 vero
1281 3454 1499 3506 conjuratos
1531 3457 1601 3495 hos
1629 3455 1857 3495 nominatim
1885 3455 2017 3509 appel-

1150 3522 1243 3562 lavit
1270 3529 1349 3580 πῖιρ
1377 3526 1441 3565 καὶ
1472 3525 1686 3576 θάλασσαν,
1719 3523 1895 3576 deinceps
1924 3523 2015 3564 duo-

1151 3589 1221 3630 bus
1250 3591 1310 3631 his
1337 3592 1596 3644 praedicatum
1623 3592 1897 3632 accommodat.

1787 3671 1810 3718 7

1803 3818 1833 3840 l,
