2340 3958
5 35 23 259 ’λῆψι-τ·
5 0 14 14 -·

885 159 1227 208 ΑΓΑΜΕΜΝ
1233 157 1352 204 ΩΝ.
1965 148 1990 196 1
2001 150 2029 196 5

739 323 879 376 πειθὼ
893 364 907 386 ,
941 322 1142 386 μολπᾶς

225 443 326 492 105
423 479 425 482 f
626 434 816 496 άλκοὶν,
855 431 1111 498 ξύμφυτος
1150 426 1277 483 aichi-

515 543 640 605 ὅπως
678 548 896 628 Ἀχάιῶν
934 543 1123 609 δίθρονον
1160 539 1362 608 κράτος,
1402 537 1638 598 Ἑλλάδος
1677 536 1807 602 ἥβάς

731 655 987 723 ξύμφρονοο
1024 652 1214 716 τάγοιν,
1953 669 2030 709 110

628 765 813 827 πέμπει
849 762 934 826 ξὺν
972 762 1061 829 δορὶ
1100 760 1183 814 noc)
1221 760 1329 826 χερὶ
1370 757 1595 825 πράκτορι

625 876 792 941 θούριος
829 873 942 941 ὄρνις
979 871 1197 939 Τευκρίδ’
1235 872 1311 924 ἐπ’
1351 866 1494 934 offan,

223 991 248 1039 1
261 990 286 1039 1
296 990 324 1039 0
385 988 544 1040 οἰωνῶν
555 985 782 1049 βάσιλεῖς
795 983 1057 1047 βασιλεῦσι
1073 985 1200 1044 νεῶν,
1218 981 1240 1033 ὁ
1255 980 1473 1040 κελαινὸς
1487 979 1513 1033 δ’
1524 983 1570 1034 τ’
1584 979 1744 1043 ἐξόπιν
1757 982 1935 1049 άργοῖς,
1950 1001 2027 1040 115

507 1094 743 1163 φάνέντες
782 1091 921 1159 ἴκτοιρ
959 1091 1209 1158 μελάθρων
1245 1090 1390 1157 χερὸς
1431 1093 1484 1144 ἐκ
1522 1090 1806 1157 δοριπάλτου

619 1203 961 1271 πάμπρέπτοις
999 1204 1046 1255 ἐν
1083 1199 1316 1268 ἕδραισιν,

218 1418 270 1458 V.
302 1418 395 1458 110.
425 1417 534 1458 Fort.
563 1416 638 1470 leg.
669 1419 688 1457 ὁ
718 1419 790 1469 μὲν
817 1419 942 1468 αἰθὸς,
978 1418 998 1457 ὁ
1021 1416 1055 1456 δ’
1082 1418 1207 1463 ἐξόπιν
1232 1420 1369 1472 ἀργᾶς.

218 1536 269 1575 V.
301 1537 393 1575 104.
436 1538 603 1589 μολπὰν.
660 1536 754 1575 106.
785 1535 878 1578 107.
917 1540 1020 1590 ἥβαν
1053 1537 1197 1591 ξύμφρ.
1232 1540 1367 1588 ταγάν.
1429 1534 1522 1574 108.
1564 1533 1672 1574 Libri
1711 1536 1773 1582 ξὺν
1807 1536 1886 1593 δορὶ
1926 1536 2030 1584 δὶκοις

271 1615 473 1666 πράκτορι.
515 1608 791 1661 Aristophanes
829 1608 869 1647 in
907 1607 1051 1647 Ranis:
1097 1610 1169 1665 5va
1196 1610 1276 1664 δορὶ
1311 1611 1373 1649 καὶ
1409 1611 1497 1664 χερὶ
1534 1612 1738 1664 πράκτορι.
1800 1608 1892 1647 110.
1921 1608 2031 1649 Libri

272 1685 402 1722 οἰωνῶν
440 1682 618 1735 βασιλεὺς
646 1703 702 1710 -·
733 1683 860 1728 ἐξόπιν
890 1683 1041 1736 ἀργίας.
1076 1682 1234 1737 ἀργείας
1258 1681 1308 1720 G.
1366 1681 1462 1720 111.
1494 1681 1741 1736 δορυπάλτου.
1798 1681 1891 1723 112.
1919 1697 2029 1736 ποιμ-

271 1760 431 1810 πρέποις
456 1757 491 1794 ἐν
519 1754 598 1808 ἕδρ.
628 1753 689 1792 Μ.
713 1759 1002 1809 παμπρέποισιν
1026 1755 1105 1809 ἕδρ.
1137 1753 1198 1792 Fl-
1227 1759 1499 1809 παμπρέπεσιν
1526 1754 1646 1792 Farn.

272 1914 367 1954 106.
407 1916 508 1960 ὅπως
535 1912 695 1967 Ἀχαιῶν
723 1914 801 1954 κτὲ.
857 1911 1082 1966 Explicatur

213 1982 272 2022 his
317 1978 426 2021 dictis
467 1981 560 2020 illud
599 1980 700 2033 quod
735 1980 847 2020 modo
876 1981 1082 2032 praecessit

213 2051 310 2092 ὅδιον
333 2056 465 2107 τέρας.
523 2047 653 2088 Verba
681 2051 808 2087 autem
839 2052 969 2090 οἰωνῶν
998 2055 1080 2105 βοι-

214 2121 327 2165 σιλεῖς
345 2141 398 2147 -
423 2122 644 2173 βοσκόμενοι
673 2119 823 2169 λαγίναν
849 2120 929 2158 κτὲ.
958 2131 1079 2171 appo-

211 2187 348 2227 sitione
393 2186 625 2237 adjiciuntur
670 2198 892 2238 praegresso
938 2188 1080 2244 θούριος

214 2255 323 2312 ὄρνις.
365 2254 597 2307 Longiorem
626 2253 846 2305 hujusmodi
872 2253 1079 2295 verborum

213 2322 400 2362 ambitum
429 2334 507 2361 non
525 2322 673 2375 spernit
690 2321 914 2373 Aeschylus.
957 2328 1080 2376 τάγαυ

213 2404 237 2430 a.
277 2395 414 2443 τάγης,
459 2402 555 2442 quae
594 2392 652 2430 est
691 2391 815 2431 rarior
855 2391 980 2430 forma
1007 2405 1079 2444 pro

213 2465 341 2513 ταγός.
368 2482 421 2489 —-
449 2463 537 2515 χερὶ
565 2464 780 2516 πράκτορι,
812 2473 930 2499 manu
961 2461 1077 2499 ultri-

213 2541 279 2576 ce,
326 2540 464 2580 nempe
504 2536 572 2575 τῆς
607 2530 755 2583 ὕβρεως
780 2527 841 2568 vel
869 2532 1075 2584 ἁρπαγῆς,

213 2596 272 2636 uti
306 2595 446 2636 dicitnr
475 2601 658 2652 πράσσειν
701 2602 816 2652 φόνον.
872 2597 936 2636 Sic
962 2597 1077 2637 Eum.

213 2665 294 2704 319
333 2664 473 2704 Furiae
500 2666 686 2705 vocantur
713 2670 930 2722 πράκτορες
954 2668 1078 2719 αἵμα-

213 2749 300 2786 τος,
330 2732 373 2772 h.
401 2745 437 2773 e.
466 2738 586 2789 φόνου.
640 2733 819 2785 Aeschyli
860 2733 1077 2788 exemplum

211 2800 387 2840 imitatur
433 2799 613 2854 Sophoel.
659 2800 721 2841 El.
760 2802 856 2842 941.
898 2824 953 2832 -—
993 2803 1077 2843 θοὺ-

215 2885 294 2926 ριος
333 2869 430 2926 ὅρνις
445 2870 569 2923 ferox
596 2883 628 2909 s.
651 2871 868 2922 praedator
902 2871 986 2910 ales
1017 2870 1074 2910 di-

215 2939 319 2976 ctum
370 2950 442 2990 pro
490 2938 656 2989 auqurio
697 2938 850 2977 caedem
890 2940 928 2978 et
969 2937 1072 2991 rapi-

214 3016 304 3044 nam
340 3005 612 3057 portendente3
653 3005 744 3045 hinc
783 3005 966 3059 singulari
1008 3007 1076 3063 ’όρ-

216 3087 266 3118 νις
304 3075 407 3112 recte
445 3073 682 3124 appositione
728 3073 879 3113 additur
917 3074 1076 3127 pluralis

217 3142 346 3182 οἰωνῶν
381 3143 567 3195 βασιλεῖς.
627 3141 691 3180 Sic
732 3140 939 3193 Sophocles
980 3143 1075 3182 Ant.

215 3207 296 3246 986
325 3209 489 3256 (1000):
537 3211 589 3255 εἰς
643 3214 720 3265 γὰρ
763 3212 924 3252 παλαιὸν
969 3214 1077 3251 θᾶκον

219 3278 468 3324 ὀρνιθοσκόπον
506 3279 616 3329 ἵζων,
665 3276 707 3317 ἵν’
747 3279 790 3324 ἦν
831 3295 897 3330 μοι
938 3282 1076 3325 παντὸς

220 3347 344 3384 οἰωνοῦ
395 3347 504 3397 λιμήν
521 3377 534 3397 ,
579 3343 716 3398 ἀγνῶτ’
758 3347 879 3386 ἀκούω
923 3351 1078 3401 φθόγγον

218 3413 380 3467 ὀρνίθων.

273 3479 366 3518 110.
408 3480 427 3520 ὃ
465 3482 623 3528 κελαινὸς
661 3484 682 3521 ὅ
719 3482 756 3523 τ’
783 3482 908 3528 ἐξόπιν
935 3485 1071 3537 ἀργᾶς.

218 3546 282 3586 Cf.
312 3546 570 3590 Commentar.
613 3549 793 3602 Aeschyli
821 3550 943 3589 aetate
984 3548 1079 3589 haec

1162 1913 1235 1953 duo
1277 1913 1490 1966 aquilarum
1532 1927 1673 1967 genera
1717 1915 1883 1956 maxime
1916 1915 2028 1956 inno-

1159 1982 1277 2022 tuisse
1317 1981 1514 2035 probabile
1551 1985 1622 2022 est.
1681 1984 1757 2023 Sex
1793 1983 1935 2036 species
1973 1985 2030 2024 di-

1162 2050 1326 2103 stinguit
1349 2050 1573 2090 Aristoteles
1600 2051 1642 2090 in
1669 2051 1776 2092 Hist.
1791 2051 1924 2093 Anim.
1941 2053 2028 2101 IX,

1162 2119 1240 2166 32,
1285 2118 1493 2158 secundum
1535 2132 1649 2171 quem
1691 2132 1826 2159 eorum
1867 2120 1934 2173 qui
1965 2120 2030 2161 hic

1160 2186 1410 2227 nominantur
1458 2187 1555 2227 alter
1612 2190 1841 2241 μελανάετος
1884 2189 2030 2239 dietus,

1161 2255 1258 2295 alter
1298 2257 1512 2312 πὺγαργος;
1544 2255 1618 2304 :ille
1665 2259 1710 2296 ut
1743 2257 1887 2297 viribus
1915 2270 2028 2311 prae-

1161 2323 1324 2364 stantior
1354 2327 1458 2378 (ἅμα
1487 2329 1690 2381 κάρτιστός
1717 2343 1760 2367 τε
1791 2330 1853 2367 καὶ
1876 2330 2032 2373 ὤκιστος

1161 2400 1350 2440 πετεηνῶν
1378 2393 1586 2431 secundum
1615 2393 1737 2433 Hom.
1768 2393 1819 2434 ΙΙ.
1849 2412 1899 2449 φ,
1932 2395 2028 2443 253)

1161 2462 1513 2513 Agamemnonem,
1548 2460 1610 2500 hic
1634 2461 1854 2501 Menelaum
1881 2462 2029 2515 signifi-

1163 2532 1238 2568 cat.
1279 2529 1327 2568 cf.
1354 2528 1538 2569 Philostr.
1569 2528 1729 2569 Heroic.
1759 2542 1793 2570 c.
1826 2530 1866 2571 6.
1905 2530 2031 2571 Stanl.

1159 2595 1206 2635 ad
1235 2596 1278 2636 h.
1302 2595 1330 2636 1.

1216 2664 1311 2702 111.
1343 2667 1456 2720 ἴκταρ
1486 2666 1685 2719 μελάθρων
1712 2665 1791 2705 κτὲ.
1831 2668 1946 2722 ἴκταρ
1960 2678 2032 2719 pro

1159 2733 1264 2784 ἐγγὺς
1306 2734 1348 2770 ut
1390 2731 1554 2784 glossam
1600 2731 1851 2784 Aeschyleam
1893 2736 2032 2774 notant

1158 2799 1427 2852 grammatici,
1467 2799 1696 2847 Erotianus,
1727 2799 1892 2840 Thomas
1917 2801 2031 2854 Mag.

1157 2867 1236 2906 alii.
1283 2867 1483 2906 Remansit
1510 2867 1551 2906 in
1578 2866 1782 2919 proverbio
1814 2866 1890 2909 οὐδ’
1918 2872 2034 2926 ἴκταρ

1159 2938 1310 2990 βάλλει.
1343 2935 1482 2974 Blomf.
1515 2941 1791 2991 παμπρέπτοις
1820 2939 1855 2975 ἐν
1883 2938 2030 2993 ἕδραισι

1158 3003 1353 3042 dubitatur
1381 3003 1617 3056 significetne
1643 3005 1687 3043 in
1714 3009 1883 3056 auqusta
1911 3007 2024 3053 sede,

1157 3070 1262 3112 velut
1315 3071 1416 3124 apud
1468 3071 1571 3110 ducis
1622 3072 1833 3111 tentorium
1874 3072 1935 3112 vel
1976 3074 2023 3113 ad

1157 3152 1286 3184 aram,
1325 3153 1374 3179 an
1401 3139 1606 3192 infausta
1635 3141 1733 3179 coeli
1759 3141 1919 3193 reqione
1964 3144 2022 3192 (ut

1164 3208 1321 3256 Herm.)
1364 3220 1412 3246 an
1454 3207 1614 3259 denique
1655 3208 1699 3247 in
1739 3208 1822 3248 loeo
1850 3209 2024 3262 undique

1158 3275 1376 3327 conspicuo.
1435 3275 1678 3315 Postremum
1707 3276 1816 3314 unice
1846 3276 1903 3315 rei
1931 3289 2022 3316 eon-

1156 3343 1340 3390 veniens3
1385 3343 1479 3383 coeli
1518 3343 1624 3396 regio
1657 3342 1740 3394 jam
1776 3343 1940 3384 indicata
1968 3345 2027 3384 est

1155 3410 1281 3450 verbis
1310 3415 1423 3468 χερὸς
1452 3415 1492 3451 ἐκ
1522 3412 1783 3468 δορυπάλτου,
1822 3411 1864 3452 h.
1889 3426 1924 3451 e.
1956 3419 2026 3458 τῆς

1158 3481 1309 3534 δεξιᾶς;
1332 3479 1435 3518 locus
1454 3482 1582 3519 autem
1601 3478 1664 3519 ubi
1682 3480 1880 3534 apparuit,
1897 3479 2024 3520 verbis

1164 3552 1276 3602 ἴκταρ
1304 3549 1513 3604 μελάθρων.
