2306 3944
701 149 772 197 IN
805 142 1317 196 AGAMEMNONEM.
1800 144 1895 192 321

100 285 224 347 tione
256 300 374 348 bene
407 299 611 364 procedit
643 315 804 347 sermo.
872 298 1048 345 Chorus
1097 295 1285 360 quaerit:
1329 331 1354 351 ‚,
1369 291 1757 356 Quandoquidem
1789 291 1898 340 faci-

101 400 190 431 nus
222 384 309 432 hoc
339 384 626 432 machinatus
659 400 731 441 es,
768 382 931 447 quidni
953 379 1226 446 perpetrasti
1248 378 1373 426 solus
1383 377 1431 425 ?”
1467 376 1738 441 Respondet
1759 375 1899 438 Aegi-

100 467 254 515 sthus:
290 468 452 526 „Dolo
495 483 612 531 opus
649 470 744 514 erat
757 487 770 523 3
805 465 910 512 ideo
944 463 1181 527 negotium
1217 461 1396 510 mulieri
1422 465 1517 509 erat
1541 460 1901 509 mandandum.''

98 550 300 614 Reponit
333 551 538 598 Chorus:
576 550 711 608 „Gur
739 565 846 611 ergo
875 564 970 596 non
1003 551 1084 594 tua
1117 562 1258 594 manu
1293 562 1398 594 eum
1431 544 1661 602 occidisti,
1697 544 1780 592 sed
1815 560 1899 608 pro

100 640 146 683 te
167 636 334 683 mulier
355 635 442 682 hoc
463 633 629 682 fecit?''
662 661 729 669 --
772 633 1097 689 αὖτόστολος,
1131 632 1446 691 μονόστολος,
1483 630 1773 690 ὁμόστολος,
1807 628 1898 677 alia

101 718 366 782 hujusmodi
399 717 567 765 usitata
599 716 759 780 poetis.

167 838 245 886 Vs.
282 839 423 884 1515.
490 836 547 882 In
580 835 709 882 libris
744 834 936 896 legitur:

477 946 569 1009 ἐγὼ
601 949 642 997 δ’
680 947 889 1004 ὕποπτος
923 948 1084 1008 ἐχθρὸς
1116 947 1141 1001 ἢ
1177 949 1474 1007 παλαιγενής
1503 970 1565 980 --

98 1079 183 1127 pro
224 1078 316 1127 quo
359 1055 526 1112 Blomf.
569 1063 703 1111 Well.
743 1067 788 1111 et
829 1061 1067 1111 novissimi
1102 1061 1299 1108 editores
1334 1060 1614 1125 scripserunt
1645 1062 1690 1120 ἦ,
1714 1061 1758 1108 h.
1783 1077 1820 1110 e.
1845 1060 1903 1119 ῆν.

99 1146 360 1195 Fatendum
409 1151 564 1196 tamen
609 1147 727 1195 illud
761 1147 783 1205 ἦ
816 1164 910 1195 non
943 1149 1067 1194 recte
1102 1146 1375 1193 collocatum
1411 1162 1534 1203 esse,
1568 1162 1652 1210 pro
1686 1162 1777 1210 quo
1814 1146 1906 1194 dici

101 1231 322 1279 debuerat
355 1231 446 1293 ἐγὼ
480 1233 522 1280 δ’
558 1231 769 1289 ὕποπτος
803 1229 847 1287 ῖῖν
881 1232 1044 1292 exem
1074 1232 1171 1289 (ὤν)
1198 1251 1206 1276 ;
1260 1245 1400 1293 quare
1426 1228 1581 1293 potius
1616 1229 1909 1278 scribendum

103 1314 219 1363 duxi
249 1317 414 1378 ἐχθρδς
449 1317 508 1373 ὡς
541 1317 866 1377 παλαιγενής,
891 1313 995 1385 ρ(11ιί
1037 1316 1105 1360 est
1145 1313 1342 1360 usitatus
1375 1312 1597 1377 loquendi
1629 1313 1811 1363 modUS.
1844 1317 1904 1374 ὡς

103 1399 376 1464 compendio
428 1398 648 1462 scriptum
697 1415 725 1445 a
778 1398 910 1445 litera
955 1419 980 1454 n
1030 1397 1107 1445 vix
1156 1397 1307 1444 differt
1358 1401 1402 1444 et
1455 1398 1589 1445 ambo
1641 1398 1904 1462 saepissime

102 1487 432 1549 permutantur.
498 1482 602 1530 Vid.
642 1483 766 1530 Bast.
807 1481 1059 1529 Comment.
1098 1481 1332 1544 Palaeogr.
1367 1499 1411 1545 p.
1450 1482 1556 1530 780.

169 1603 247 1651 Vs.
283 1603 424 1651 1517.
492 1601 742 1664 Aegisthus
778 1602 888 1648 haec
923 1579 1073 1648 Ohoro
1109 1599 1338 1646 minatur:

848 1709 927 1754 τὸν
963 1704 1014 1752 δὲ
1045 1709 1107 1760 μῆ
1143 1704 1386 1763 πειθάνορα

487 1786 634 1850 ζεύξω
668 1789 876 1847 βοιρείοιις
912 1786 1012 1834 οὔτι
1045 1791 1107 1844 μῆ
1142 1785 1413 1845 σειραφόρον

484 1870 707 1927 κριθῶντα
741 1871 926 1916 πῶλον·
961 1854 1082 1914 ἀλλ’
1119 1868 1138 1914 ὃ
1174 1865 1403 1925 ΣυςΦιλῆς
1438 1866 1588 1925 σκότῳ

484 1952 622 2007 λιμὸς
656 1944 864 2006 Ξῦνοικος
897 1947 1142 2006 μοιλθοικόν
1177 1942 1263 2005 σφ’
1299 1945 1552 2005 ἐπόψεται.

107 2058 164 2105 In
212 2056 284 2104 his
332 2056 532 2121 primum
581 2056 826 2103 molestum
875 2059 944 2101 est
992 2054 1110 2102 illud
1143 2055 1243 2103 οὔτι
1280 2062 1342 2117 μῆ
1381 2053 1557 2101 dictum
1589 2072 1672 2118 pro
1709 2057 1904 2121 simplici

107 2143 256 2194 oliuu-a.⁷
292 2141 538 2205 Explicant
586 2157 669 2204 per
719 2139 901 2203 ellipsin
950 2138 1158 2186 iterando
1210 2139 1347 2187 verbo
1390 2143 1571 2206 ζεύξω;
1622 2141 1709 2189 hoc
1750 2147 1905 2190 tamen

106 2243 202 2275 non
232 2225 461 2292 procedit,
495 2224 604 2290 quia
635 2223 819 2286 negatio
852 2239 946 2270 non
980 2224 1180 2287 pertinet
1214 2222 1273 2269 ad
1306 2224 1498 2271 verbum
1532 2225 1615 2272 sed
1647 2226 1707 2272 ad
1728 2227 1911 2290 partici-

106 2310 237 2375 pium
269 2313 510 2373 κριθῶντα.
576 2307 791 2355 Pauwius
830 2306 1023 2368 conjecit
1063 2309 1164 2357 οὔτι
1196 2328 1294 2367 μοι,
1330 2324 1468 2371 quam
1506 2309 1811 2371 conjecturam
1842 2328 1911 2359 re-

108 2397 328 2459 ceperunt
358 2394 609 2448 Porsouus,
642 2390 985 2447 Blomfieldjus,
1024 2390 1313 2448 Dindorfius,
1356 2392 1457 2449 alii3
1498 2393 1793 2443 Hermannus
1826 2396 1909 2443 im-

106 2478 270 2526 merito
304 2475 551 2541 pessimam
582 2478 712 2523 vocat
758 2478 803 2520 et
835 2474 1001 2521 retinet
1034 2474 1289 2536 vulgatam,
1325 2492 1462 2538 quam
1499 2478 1663 2525 vellem
1687 2480 1909 2543 exemplis

106 2562 392 2609 illustrasset.
462 2559 592 2622 Quae
632 2558 845 2606 nonnulli
884 2562 1103 2622 tanquam
1143 2558 1308 2606 similia
1349 2560 1589 2608 conferunt
1605 2600 1616 2618 ,
1652 2579 1705 2608 ea
1738 2563 1911 2611 nullius

107 2648 216 2693 sunt
240 2643 390 2708 pretii.
423 2642 678 2706 Praecipua
709 2645 816 2689 sunt
845 2642 957 2689 haec
988 2642 1104 2700 duo,
1137 2643 1331 2690 alterum
1364 2644 1503 2692 Isocr.
1527 2646 1747 2710 Panegyr.
1783 2649 1802 2708 §
1830 2650 1916 2712 11ἱ

109 2734 188 2780 τὶν
247 2726 289 2778 δ’
337 2731 536 2790 ἀκριβῶς
591 2728 902 2787 ἐπιστάμενον
949 2730 1110 2789 λέγειν
1157 2730 1324 2785 ἁπλῶς
1374 2730 1453 2778 οὐκ
1503 2728 1557 2779 ἂν
1604 2738 1665 2791 μῆ
1707 2734 1913 2793 δυνάμε-

107 2829 178 2864 νον
210 2812 375 2860 εἰπεῖν.
443 2808 533 2856 Sed
577 2808 643 2854 ibi
692 2807 926 2854 Urbinatis
981 2814 1026 2854 et
1075 2808 1315 2856 meliorum
1367 2810 1499 2857 codd.
1541 2813 1806 2859 auctoritate
1846 2821 1910 2874 μῆ

101 2895 198 2956 jam
230 2893 410 2958 pridem
443 2894 688 2957 expulsum
722 2897 802 2940 est.
869 2894 1080 2941 Alterum
1115 2894 1202 2941 hoc
1235 2895 1446 2958 Sophocl.
1480 2896 1598 2963 Phil.
1637 2896 1762 2945 1273
1782 2937 1794 2955 ,
1831 2898 1911 2945 ubi

102 2978 383 3026 Philoctetae
416 2978 739 3043 exprobranti:
792 2982 1004 3036 τοιοῦτος
1051 2977 1184 3036 Ξσθοι,
1237 2983 1336 3037 τοῖς
1389 2981 1576 3042 λόγοισι
1609 3008 1673 3016 -
1706 2988 1906 3041 πιστὸς,

108 3064 279 3124 ἂτνιρὸς
312 3062 489 3124 λοίθροι,
536 3063 718 3126 reponit
750 3063 1063 3125 Neoptemus:
1118 3063 1237 3113 ἀλλ’
1273 3066 1373 3114 οὔτι
1430 3074 1493 3126 μῆ
1528 3069 1618 3115 νῦν.
1672 3065 1744 3113 hic
1777 3067 1913 3114 Laur.

109 3146 278 3211 aliique
327 3147 508 3195 codices
540 3147 761 3211 praebent
814 3147 933 3196 ἀλλ’
971 3149 1071 3196 οὔτι
1105 3156 1194 3208 μῆν
1229 3153 1318 3205 νῦν,
1370 3148 1496 3213 quod
1530 3165 1638 3197 sane
1674 3151 1917 3198 restituen-

110 3230 248 3287 dum;
284 3234 329 3277 et
362 3231 569 3278 similiter
602 3236 758 3279 nostro
792 3232 893 3278 loco
926 3230 1172 3293 legendum
1207 3235 1306 3282 οὔτι
1340 3239 1456 3294 μὴν,
1491 3234 1617 3298 quod
1651 3237 1806 3283 sensui
1841 3242 1912 3284 est

110 3313 409 3378 aptissimum.
475 3316 656 3363 Deinde
690 3316 794 3363 libri
828 3316 1056 3375 Συςφιλῆς
1092 3318 1238 3378 κότῳ,
1274 3317 1400 3380 quod
1435 3334 1579 3383 aeque
1617 3319 1916 3384 depravatum

110 3413 210 3445 esse
252 3401 405 3462 potest
438 3415 463 3446 e
498 3400 730 3461 Συςφιλῆς
775 3404 927 3461 σκότῳ
959 3404 1096 3463 atque
1131 3417 1155 3447 e
1187 3401 1414 3462 Συςφιλεῖ
1438 3403 1603 3464 σκότῳ.
1677 3405 1912 3454 Posterius

110 3481 293 3544 scripsit
342 3482 564 3545 Scaliger,
627 3485 767 3555 idque
823 3489 1093 3547 receperunt
1133 3485 1372 3533 Schutzius
1418 3491 1462 3534 et
1512 3488 1766 3546 Porsonus;
1818 3492 1912 3553 ple-

110 3566 240 3630 rique
298 3582 405 3614 vero
453 3568 755 3617 recentiorum
772 3609 784 3627 ‚
829 3571 964 3617 etiam
1015 3568 1328 3629 Hermannus,
1382 3571 1627 3620 ediderunt
1679 3576 1908 3636 δυςφιλῆς

1645 3664 1703 3709 41
