2306 3944
311 167 330 212 1
345 168 368 211 8
376 169 403 212 4
963 158 1459 207 COMMENTARIUS

310 333 449 372 κοπος
482 313 690 368 eminens,
734 311 963 372 superbum
1008 308 1236 372 posterius
1286 308 1424 354 latius
1469 311 1614 370 patet,
1649 308 1774 355 unde
1808 313 1929 356 recte
1964 310 2109 359 Lobe-

310 398 466 444 ckius:
512 399 791 455 ὑπέρκομποι
840 409 958 456 quae
999 396 1127 450 sunt,
1171 392 1330 438 eadem
1365 394 1604 454 ὑπέρκοποι
1639 391 1730 439 dici
1764 398 1981 456 possunt,
2015 411 2109 442 non

308 485 477 528 contra.
546 479 699 539 Quare
732 492 816 540 pro
848 476 956 533 ’έπος
992 478 1285 537 ὑπέρκομπον
1317 474 1409 521 dici
1442 478 1613 538 potest,
1649 475 1688 522 si
1709 481 1906 524 metrum
1928 483 2108 540 poscat,

307 566 588 623 ὑπέρκοπον,
639 562 692 606 ut
742 559 792 606 in
834 559 1072 621 Sophoclis
1116 559 1254 619 Ajace
1297 558 1326 605 1.
1349 558 1378 605 l.
1426 562 1472 605 at
1512 575 1608 605 non
1648 563 1771 606 recte
1811 560 1861 607 in
1893 561 2108 625 Aeschyli

303 645 426 691 Pers.
476 660 540 691 vs.
578 646 670 690 342
725 645 822 700 νῆες
874 641 1093 688 dicuntur
1143 643 1428 703 ὑπέρκομποι
1483 639 1662 704 τάχει,
1713 643 1795 690 sed
1830 646 2107 706 ὑπέρκοποι;

303 731 460 774 contra
524 728 801 788 ὑπερκόμπῳ
850 728 1001 787 θράσει
1054 725 1226 772 ibidem
1277 742 1341 772 vs,
1398 728 1488 772 831
1544 743 1688 790 aeque
1739 732 1916 774 rectum
1967 733 2105 791 atque

301 813 560 873 ὑπερκόπῳ.
624 811 681 856 In
731 803 900 857 talibus
950 809 1087 866 locis,
1138 808 1220 856 ubi
1271 807 1412 855 dubia
1452 814 1520 856 est
1560 810 1707 874 optio,
1757 810 1943 874 pondus
1977 810 2106 857 addit

301 893 514 940 codicum
548 892 793 940 auctoritas
825 893 899 940 vel
932 892 1175 955 euphonia.
1764 886 1775 891 ⁴

366 1012 445 1060 Vs.
480 1014 590 1060 416.
658 1011 799 1074 Quod
826 1011 964 1073 vulgo
988 1012 1157 1074 legitur
1194 1012 1292 1070 βίον
1324 1013 1571 1073 κατίδοιμι
1604 1012 1797 1075 probare
1836 1030 1931 1061 non
1960 1014 2105 1077 potui.

300 1096 482 1143 Dicitur
504 1095 692 1160 quidem
714 1112 874 1158 graece
903 1096 1023 1143 sicut
1043 1096 1144 1143 aliis
1172 1096 1344 1158 linguis
1367 1097 1515 1143 videre
1540 1098 1675 1155 bona,
1697 1101 1837 1156 mala,
1860 1101 1999 1156 laeta,
2024 1101 2107 1147 tri-

299 1180 387 1227 stia
413 1196 497 1244 pro
522 1181 640 1228 hanc
666 1181 849 1229 illamve
878 1185 1048 1228 sortem
1069 1181 1257 1243 adipisci
1263 1202 1279 1236 ;
1304 1181 1388 1228 sed
1416 1182 1516 1242 βίον
1530 1185 1722 1244 καθορᾶν
1745 1183 1810 1230 ita
1838 1184 2106 1248 simpliciter

298 1281 383 1328 pro
415 1265 551 1312 vitam
584 1266 735 1328 deffere
769 1265 862 1313 dici
895 1282 990 1314 non
1025 1265 1160 1313 credo
1167 1286 1179 1322 3
1225 1265 1335 1312 addi
1370 1266 1649 1329 oportuisset
1681 1268 2017 1330 praedicatum,
2052 1274 2106 1317 ut

298 1350 482 1400 δούλιον
516 1353 611 1412 βίον
645 1353 764 1410 ὅρῖιν.
820 1350 1033 1398 Forsitan
1066 1349 1116 1396 id
1151 1350 1311 1397 abesse
1333 1350 1500 1413 possit,
1535 1350 1575 1397 si
1596 1367 1681 1414 pro
1706 1349 1788 1401 ὑπ’
1811 1354 1975 1403 ἄλλων
1999 1353 2105 1401 scri-

297 1432 434 1479 batur
467 1435 544 1481 ὑπ’
578 1434 747 1495 ἄλλῳ,
798 1432 924 1496 quod
978 1432 1230 1496 praedicati
1269 1433 1424 1480 locum
1462 1436 1644 1481 teneat:
1700 1437 1796 1495 βίον
1842 1437 1920 1486 ὑπ’
1965 1438 2105 1498 ἄλλῳ

299 1516 571 1576 κατίδοιμι,
636 1517 771 1563 vitam
836 1532 974 1564 meam
1029 1517 1163 1564 alteri
1217 1519 1450 1580 subjectam
1499 1518 1679 1566 videam.
1765 1518 1857 1566 Sed
1905 1525 2107 1583 praestat

301 1599 563 1660 conjectura
578 1600 897 1648 Valckenaerii
921 1603 1021 1662 βίον
1054 1602 1329 1662 κατέδοιμι,
1361 1601 1405 1649 h.
1432 1617 1471 1650 e.
1505 1602 1666 1649 victum
1688 1619 1949 1661 consumam,
1979 1603 2106 1667 quod

298 1700 384 1747 pro
437 1685 580 1732 vivere
627 1685 831 1749 positum
884 1685 1064 1747 egregie
1116 1685 1328 1732 convenit
1376 1684 1425 1731 in
1475 1685 1682 1733 viliorem
1731 1686 1937 1745 turbam,
1971 1691 2025 1734 ut
2055 1687 2105 1734 in

301 1784 470 1816 servos.
538 1768 613 1816 Sic
643 1769 866 1816 Horatius
897 1769 984 1832 Ep.
1018 1769 1066 1827 Ι,
1103 1772 1161 1816 2:

592 1854 687 1901 Nos
718 1869 920 1901 numerus
951 1869 1095 1900 sumus
1128 1856 1171 1900 et
1190 1855 1354 1915 sruyes
1387 1869 1632 1900 consumere
1664 1854 1772 1901 nat-i.

297 1938 352 1986 cf.
385 1938 504 1986 infra
536 1955 602 1987 VS.
638 1940 763 1984 1041
801 1938 913 1998 (938
950 1937 1086 2000 hujus
1121 1937 1209 1999 ed.)
1245 1940 1415 1992 τλῆναι
1449 1939 1640 1996 δουλίας
1673 1941 1825 2000 μάζης
1859 1940 1973 2000 βίον.

358 2058 437 2108 Vs.
473 2061 583 2106 419.
654 2057 900 2104 Librorum
933 2057 1178 2104 lectionem

1161 2180 1200 2227 εἰ
1232 2177 1275 2227 δ’
1307 2179 1580 2239 ἐτητύμως,

705 2261 781 2317 τίς
815 2257 952 2316 οἶδεν,
983 2260 1008 2314 ἤ
1045 2280 1116 2310 τοι
1151 2261 1262 2308 θεῖόν
1295 2261 1401 2309 ἐστι
1434 2266 1496 2320 μῆ
1533 2263 1668 2320 ψύθος

291 2367 610 2433 corrigendam
661 2368 833 2432 putavi.
895 2369 985 2414 Pro
1027 2369 1273 2428 ἐτητύμως
1319 2368 1478 2432 scripsi
1514 2370 1749 2429 ἐτήτυμος
1793 2384 1851 2416 ex
1886 2368 2099 2416 emenda-

291 2455 416 2502 tione
450 2452 760 2502 Blomfieldii:
810 2452 1005 2499 refertur
1045 2451 1167 2498 enim
1207 2453 1294 2498 hoc
1327 2451 1389 2498 ad
1421 2452 1703 2516 praecedens
1738 2452 1910 2515 βάξιςτ,
1951 2453 2002 2500 in
2035 2453 2097 2500 al-

291 2544 389 2587 tero
423 2539 628 2586 membro
664 2536 775 2584 dedi
809 2538 910 2587 εῗτε
945 2565 1001 2574 -
1035 2536 1115 2591 δῆτ
1162 2540 1461 2600 opponuntur
1494 2536 1618 2583 enim
1645 2537 1758 2583 haec
1782 2537 1896 2594 duo,
1918 2553 2097 2585 verusne

292 2624 351 2671 sit
383 2639 539 2670 rumor
572 2639 631 2668 an
662 2622 858 2668 menclaae.
927 2620 1145 2666 Similiter
1190 2636 1254 2668 vs.
1291 2622 1417 2667 491:
1469 2620 1561 2670 εἴτ’
1606 2618 1679 2670 οὑν
1724 2622 1914 2679 ἀληθεῖς
1961 2631 2094 2682 (vt-xp-

289 2708 542 2769 αλλαγαῑ)
574 2734 634 2743 -
666 2703 757 2754 εἴτ’
791 2705 1029 2766 ὀνειράτων
1062 2705 1191 2761 δίκην
1222 2708 1411 2766 τερπνόν
1447 2703 1547 2753 τόδ’
1586 2705 1719 2753 ἐλθὸν
1752 2705 1872 2765 φῶς.

353 2824 433 2871 Vs.
468 2825 560 2870 425
599 2838 695 2886 sqq.
764 2825 983 2883 γυναικῦς
1018 2824 1194 2883 αἰχμᾷ.
1255 2821 1358 2867 Hoc
1395 2820 1604 2867 similiter
1639 2820 1814 2866 dictum
1847 2820 2008 2867 volunt
2041 2823 2093 2866 ut

289 2906 491 2970 Choe'ph.
523 2921 588 2953 vs,
625 2907 716 2952 629
771 2909 854 2955 τίω
889 2941 903 2954 .
939 2939 952 2952 .
989 2941 1001 2951 .
1043 2908 1312 2965 γυναικείαν
1345 2905 1559 2964 ἄτολμον
1602 2905 1806 2964 αἰχμάν.
1868 2903 1931 2950 At
1979 2903 2092 2951 haec

289 2990 455 3038 similia
498 3005 593 3036 non
635 2992 766 3047 sunt,
812 2994 864 3035 ut
909 3005 1012 3036 vere
1048 2988 1369 3035 animadvertit
1404 2988 1723 3049 Hartungius:
1775 2987 1840 3033 ibi
1874 2988 2090 3048 ἄτολμος

288 3078 446 3138 αἰχμὴ
481 3075 706 3136 significat
755 3074 1005 3121 muliebrem
1053 3074 1140 3120 vim
1181 3073 1430 3137 (spiritum)
1471 3073 1693 3120 innoxiam
1733 3073 1779 3132 (a
1813 3071 1949 3118 caede
1984 3070 2090 3116 alie-

288 3164 438 3220 nam);
498 3159 574 3205 hic
630 3161 848 3221 γυναικος
897 3158 1060 3219 αἰχμὰ
1103 3161 1172 3204 est
1221 3155 1499 3220 periphrasis
1548 3172 1632 3219 pro
1681 3156 1881 3212 muliere,
1932 3170 2089 3218 quem-

287 3241 538 3290 admodum
574 3245 656 3304 βία
672 3283 683 3298 ,
711 3244 761 3300 ’ἲς
792 3242 970 3306 poetice
1011 3245 1305 3305 usurpantur.
1371 3240 1534 3288 Multis
1567 3240 1653 3286 hoc
1689 3239 1935 3303 displicuit.
1974 3239 2089 3285 Vos-

287 3327 382 3375 sius
421 3327 615 3388 conjecit
649 3329 869 3388 γυναικὸς
903 3326 1066 3386 ἀκμᾷ,
1118 3324 1244 3388 quod
1283 3340 1391 3372 sane
1426 3340 1521 3371 non
1555 3323 1807 3370 absonum:
1859 3325 1986 3383 ἂκμῆ
2020 3323 2088 3369 in-

284 3410 470 3458 terdum
525 3409 779 3473 periphrasi
836 3408 1027 3456 inservit
1076 3409 1218 3473 idque
1268 3425 1362 3456 non
1415 3408 1556 3455 semel
1604 3424 1631 3454 a
1681 3408 1987 3470 grammaticis
2037 3406 2087 3453 in

284 3499 443 3558 αἰχμὴ
477 3498 705 3542 mutatum
739 3508 837 3539 esse
871 3492 1073 3540 ostendit
1094 3492 1356 3541 Boeckhius
1389 3492 1451 3539 ad
1472 3492 1602 3540 Pind.
1626 3492 1751 3541 Nott.
1787 3492 1884 3541 crit.
1915 3509 1960 3555 p.
1990 3495 2083 3540 531

287 3583 331 3626 et
369 3581 474 3627 554.
541 3577 632 3624 Hic
665 3581 817 3624 tamen
853 3582 1070 3637 γυναικὸς
1104 3580 1286 3640 αἰχμὴν
1327 3576 1510 3624 defendi
1553 3593 1687 3640 posse
1722 3581 1834 3641 puto
1869 3580 2080 3640 respectu

2285 2864 2301 2945 *a
