2306 3944
823 205 893 255 IN
924 200 1441 258 AGAMEMNONEM.
1935 200 1994 250 27
2003 202 2027 246 5

234 375 292 405 an
325 357 512 420 ›tonsio-15
541 356 857 422 reponendum
902 357 972 405 sit.
1039 355 1272 404 Posterius
1323 370 1482 403 verum
1534 369 1632 400 esse
1677 350 1940 416 apparebit,
1993 350 2033 399 si

234 441 371 490 verba
403 445 526 490 recte
559 442 944 505 interpungantur
978 440 1072 487 sic:

636 564 774 623 θερμῷ
807 564 1028 618 sconsio-m,
1064 560 1221 619 φοινίῳ
1256 558 1619 620 προσφάγματι.

237 673 374 732 Θερμῷ
408 685 491 732 pro
526 672 685 730 θερμῇ,
724 671 776 715 ut
809 671 962 729 θερμὸς
995 669 1160 727 ἀϋτμή
1196 665 1322 729 apud
1359 666 1638 721 Homerum,
1666 664 1845 728 aliaque
1869 663 2035 710 similia

234 751 360 817 apud
385 756 555 816 poetas.
606 753 674 801 Cf.
697 767 834 815 supra
866 769 910 814 p.
936 753 1043 799 144.
1070 753 1178 797 210.
1212 751 1368 812 φοινίῳ
1399 750 1745 811 προσφάγματι
1780 764 1863 811 per
1895 763 2036 811 appo-

235 837 446 885 sitionem
489 836 727 892 additum,
771 839 824 882 ut
862 851 926 882 vs.
963 836 1086 881 1215
1123 834 1294 891 δούλης
1329 837 1572 890 θανούσης,
1609 833 1835 893 εὐμαροῦς
1871 831 2031 894 χειρώ-

233 940 401 982 ματος.
469 919 618 981 Vulgo
668 922 851 982 recepta
907 917 1209 974 constructio,
1261 934 1352 982 qua
1402 919 1538 978 Θερμῷ
1581 916 1640 963 ad
1681 916 2030 978 προσφάγματι

232 1006 446 1061 refertur,
485 1003 780 1050 invenustum
820 1005 866 1048 et
899 1001 1144 1048 obscurum
1178 1001 1316 1049 efficit
1350 1017 1555 1057 sensum,
1591 1004 1644 1047 ut
1677 999 1888 1047 ostendet
1922 999 2034 1046 haec

230 1087 484 1136 Hermanni
535 1086 807 1150 explicatio:
862 1084 1184 1147 „Ambiguum
1228 1090 1297 1132 est
1341 1085 1692 1146 προσφάγματι
1733 1087 1890 1131 utrum
1928 1084 2036 1130 milei

230 1173 430 1220 victimae
448 1209 461 1230 ‚
496 1187 554 1218 an
578 1185 812 1232 percussae
843 1169 1064 1216 iracunda
1090 1169 1273 1230 (θερμῷ)
1297 1170 1464 1218 crudeli
1485 1169 1745 1217 mactatione
1768 1169 2035 1231 significet.'’

230 1255 484 1313 Posterius,
518 1271 657 1319 prava
691 1253 1028 1301 constructione
1064 1258 1272 1311 coactus,
1306 1254 1525 1318 praefert,
1560 1269 1838 1318 quamquam
1866 1254 2031 1301 falsum

231 1346 328 1390 est:
359 1357 468 1389 nam
499 1340 794 1402 πρόσφαγμα
827 1338 941 1400 sign.
976 1338 1026 1384 id
1059 1338 1186 1402 quod
1219 1339 1505 1396 immolatur,
1540 1339 1568 1385 i.
1595 1355 1633 1386 e.
1668 1339 1823 1386 hostia.

297 1460 373 1508 Vs.
409 1460 548 1509 1174.
615 1459 766 1522 Vulgo
801 1458 866 1506 sic
898 1458 1095 1520 legitur:

606 1577 846 1637 ὀμώμοται
884 1577 977 1638 γὰρ
1007 1577 1132 1637 ὅρκος
1165 1577 1218 1626 ἐκ
1248 1580 1351 1627 θεῶν
1382 1577 1567 1640 μέγας,

607 1656 740 1718 ἄξειν
768 1678 829 1707 νιν
860 1661 1111 1719 ὑπτίασμα
1138 1664 1343 1719 κείμενον
1376 1659 1566 1719 πατρός.

231 1774 402 1822 Versus
452 1774 535 1821 hos
552 1812 564 1831 ,
615 1773 975 1837 approbantibus
1025 1775 1261 1832 omnibus,
1313 1774 1360 1822 in
1402 1775 1520 1822 hanc
1560 1774 1716 1822 sedem
1749 1775 2032 1839 transposuit

231 1859 538 1907 Hermannus.
571 1858 743 1906 Ultima
770 1876 876 1907 vero
902 1860 1041 1907 verba
1057 1860 1328 1923 interpretes
1346 1860 1464 1907 male
1482 1861 1818 1924 explicuerunt.
1850 1860 2032 1924 Nempe

232 1946 482 2004 ὑπτίασμα
511 1946 688 2004 πατρὸς
726 1943 978 2006 significare
1010 1945 1174 1991 volunt
1205 1944 1277 1991 vel
1302 1946 1456 2006 patris
1487 1945 1694 2004 (mortui)
1713 1960 1890 2006 preces,
1914 1960 1941 1991 a
1962 1961 2033 1991 su-

221 2027 349 2089 pinis
397 2026 683 2091 precantium
731 2027 944 2075 manibus
960 2066 972 2085 ,
1019 2029 1093 2075 vel
1131 2029 1284 2090 patris
1327 2031 1478 2086 letum,
1528 2032 1749 2092 tanquam
1789 2029 1937 2091 supini
1982 2029 2031 2076 in

227 2115 348 2158 terra
393 2111 602 2173 jacentis.
668 2113 846 2160 Neutro
891 2129 1030 2160 sensu
1073 2113 1349 2160 vocabulum
1394 2113 1480 2160 hoc
1513 2113 1659 2176 accipi
1693 2129 1829 2177 posse
1865 2113 2032 2161 credo:

226 2212 334 2244 nam
374 2197 414 2244 si
447 2199 700 2258 ὑπτίασμα
726 2203 875 2260 χερῶν
915 2203 1140 2257 (manuum
1173 2199 1465 2260 resupinatio)
1505 2215 1588 2262 pro
1621 2199 1936 2260 supplicatione
1969 2198 2036 2245 di-

227 2281 365 2339 citur,
399 2281 518 2329 sicut
544 2282 661 2329 dixit
687 2282 942 2346 Aeschylus
974 2283 1123 2330 Prom.
1156 2285 1304 2340 1005,
1338 2300 1432 2330 11011
1460 2282 1566 2330 ideo
1592 2284 1750 2345 ἀνδρὸς
1779 2287 2032 2345 ὑπτίασμα

226 2364 315 2412 hoc
352 2381 491 2412 sensu
538 2365 627 2413 dici
669 2370 841 2430 potest,
883 2367 1150 2430 praesertim
1184 2367 1384 2414 hominis
1419 2367 1601 2414 mortui.
1654 2366 1796 2429 Quod
1828 2367 1889 2415 ad
1922 2369 2033 2416 alte-

226 2465 330 2496 rum
362 2449 547 2508 attinet,
583 2451 718 2514 quale
752 2451 876 2498 istud
912 2451 1087 2499 dictum
1123 2456 1220 2509 est,
1251 2453 1403 2514 patris
1446 2453 1577 2500 occisi
1610 2469 1726 2501 mors
1757 2453 1882 2500 illum
1910 2458 2030 2516 ayet,

228 2549 312 2597 pro
348 2534 528 2597 „patris
556 2534 694 2582 occisi
727 2551 886 2582 manes
919 2535 1050 2582 illum
1085 2536 1144 2582 ad
1178 2536 1399 2584 ultionem
1435 2536 1710 2598 exigendam
1744 2536 2034 2584 adducent’'?

228 2617 337 2665 Non
370 2617 583 2666 convenit
615 2619 701 2666 hoc
734 2619 1016 2683 Aeschyleae
1051 2619 1333 2683 simplicitati
1367 2625 1413 2668 et
1436 2621 1693 2683 elegantine
1716 2621 1766 2668 111
1787 2621 2033 2669 verborum

230 2701 433 2759 delectu3
482 2719 632 2767 neque
685 2704 894 2751 excusari
934 2708 1087 2767 potest
1121 2704 1213 2762 sic,
1256 2709 1309 2752 ut
1342 2722 1446 2752 cum
1479 2705 1769 2753 Blomfieldio
1803 2706 2033 2765 dicamus,

229 2785 533 2833 Cassandram
585 2788 794 2835 consulto
846 2789 1036 2836 obscure
1081 2789 1236 2853 loqui:
1284 2789 1448 2853 putida
1477 2791 1594 2837 foret
1626 2790 1732 2837 talis
1765 2789 2031 2838 obscuritas·

227 2871 332 2918 Alia
364 2871 439 2918 hic
473 2876 543 2919 est
576 2873 846 2935 significatio
880 2874 1004 2921 vocis
1038 2877 1302 2936 ὑπτίασμα.
1353 2875 1532 2938 Nempe
1567 2874 1733 2933 ὕπτιος
1768 2875 2032 2938 oppositum

229 2958 298 3002 est
347 2963 412 3016 τῷ
455 2960 647 3018 πρηνής,
701 2963 752 3005 ut
801 2958 942 3006 latine
991 2960 1169 3020 supinus
1218 2964 1263 3006 et
1301 2976 1472 3021 pronus
1481 2981 1497 3015 ;
1536 2960 1643 3006 hinc
1686 2960 1842 3023 plures
1880 2960 2032 3007 fluunt

228 3039 599 3101 significationes:
638 3043 686 3089 in
731 3047 898 3106 ter-qum
929 3045 1184 3100 reclinatus,
1220 3048 1272 3091 ut
1303 3045 1465 3094 ἔπεσεν
1497 3045 1664 3102 ὕπτιος
1677 3066 1688 3101 ;
1731 3061 1901 3092 sursum
1940 3060 2032 3106 spe-

230 3127 352 3170 ctans
395 3140 429 3172 s.
480 3127 693 3183 sublatus,
746 3131 798 3174 ut
847 3133 1005 3189 χεῖρες
1054 3129 1246 3184 ὑ’πτιαι;
1301 3133 1420 3176 retro
1466 3144 1634 3186 versus,
1671 3145 1762 3193 quo
1803 3145 1941 3176 sensu
1976 3126 2032 3190 ἐξ

229 3210 400 3257 ὑπτῖου
436 3212 480 3255 et
512 3207 566 3267 ἐξ
601 3212 776 3269 ὑπτίας
812 3227 896 3274 pro
930 3215 1049 3258 retro
1083 3213 1156 3259 vel
1190 3228 1360 3259 sursum
1392 3212 1628 3270 (licuntur,
1652 3217 1705 3260 ut
1727 3213 1889 3261 Aesch.
1909 3214 2034 3276 Sept.

232 3305 270 3338 c.
302 3291 386 3338 Th.
424 3294 537 3338 459:
574 3298 727 3352 πάλος
763 3294 817 3355 ἐξ
854 3298 1023 3345 ὑπτίου
1057 3297 1274 3350 πήδησεν.
1326 3296 1442 3343 Plat.
1474 3296 1666 3344 Phaedr.
1703 3314 1747 3361 p.
1785 3300 1903 3344 264:
1940 3298 2034 3347 ἀπὶ

232 3379 464 3432 τελευτῆς
508 3377 561 3440 ἐξ
611 3380 784 3436 ὑπτῖας
840 3381 1084 3428 ἀνάπαλιν
1145 3381 1314 3429 διανεῖν
1375 3383 1456 3430 τον
1511 3381 1671 3442 λόγον.
1738 3381 1862 3429 Hinc
1897 3381 2035 3428 etiam

233 3457 503 3519 ὑπτίαζειν,
545 3463 598 3506 ut
641 3460 834 3509 latinum
866 3463 1094 3524 supinare,
1129 3464 1407 3524 resupinare,
1441 3464 1597 3527 plures
1631 3464 1833 3512 admittit
1867 3465 2036 3527 signifi-

233 3539 455 3598 cationes,
489 3557 606 3605 quae
638 3560 722 3606 pro
755 3547 1095 3595 constructione
1132 3546 1372 3605 differunt;
1407 3548 1534 3596 velut
1558 3553 1753 3597 stantem
1781 3551 2036 3612 resupinare

233 3627 304 3670 est
347 3628 466 3672 retro
512 3626 724 3675 inclinare
765 3646 798 3677 s.
831 3632 1096 3688 subvertere,
1131 3647 1223 3695 quo
1260 3648 1398 3679 sensu
1434 3632 1597 3682 Aesch.
1631 3635 1754 3682 Pers.
1793 3637 1885 3681 418
1923 3633 2040 3681 dici·
