2340 3958
876 197 1344 246 ΑΓΑΜΕΜΝΩΝ.
1911 189 2013 238 105

571 359 699 422 δίκης
730 358 768 411 δ’
807 360 883 412 ἐπ’
922 357 1047 413 ἄλλο
1086 361 1305 425 πρᾶγμα
1342 356 1534 422 θηγάνει
1572 357 1716 423 βέλος
1910 379 2014 417 1535

211 473 351 524 1420
652 470 765 537 πρὸς
804 468 986 528 ἄλλαις
1025 466 1277 531 θηγάναισι
1317 473 1492 534 Μοῖρα.

502 590 605 635 ΧΟ.
645 581 694 633 ἰὼ
732 582 807 644 γοῖ
845 582 949 642 γᾶ,
989 576 1081 631 εἴθε
1112 576 1166 642 μ’
1206 576 1375 641 ἐδέξω,
1854 599 1935 635 em.
1957 599 1985 649 ρ

647 691 752 757 πρὶν
790 688 912 743 τόνδ’
950 688 1124 741 ἐπιδεῖν
1161 688 1502 754 ἀργυροτοίχου

723 798 923 865 δροι’τοος’
946 798 1229 863 κατέχοντα
1265 797 1542 864 χάμευναν.
1912 814 2018 855 1540

649 910 721 970 τίς
761 911 783 963 ὁ
821 907 987 975 θάψων
1025 927 1114 971 νιν;
1153 906 1227 966 τίς
1266 907 1287 959 ὁ
1326 908 1579 973 θρηνήσων;

207 1023 346 1073 1425
571 1020 644 1079 τίς
677 1018 716 1071 δ’
753 1017 1042 1082 ἐπιτύμβιον
1080 1013 1205 1070 αἶνον
1244 1017 1321 1069 ἐπ’
1359 1016 1485 1082 οὶνδρὶ
1527 1016 1628 1082 θείῳ

723 1127 808 1191 ξὺν
846 1127 1056 1195 δακρύοις
1097 1125 1281 1180 ἰάπτων

649 1237 857 1305 οέλοοθείοι
892 1241 1072 1305 φρενῶν
1111 1236 1328 1300 vomo-513
1918 1253 2025 1292 1550

421 1359 541 1420 ΚΛ.
581 1353 632 1404 οὖ
671 1349 726 1402 σὲ
763 1349 976 1416 προςήκει
1015 1347 1070 1401 τὸ
1108 1346 1293 1411 μέλημ’
1331 1344 1528 1409 ἀλέγειν
1846 1365 1949 1405 abar.
1971 1364 2020 1416 γ’.

800 1464 964 1514 τοῦτο·
1005 1459 1117 1526 πρὸς
1158 1461 1289 1523 ἡμῶν

212 1575 353 1626 1430
580 1568 837 1632 κάππεσε,
877 1567 1113 1631 κάτθανε,
1153 1567 1235 1621 καὶ
1275 1566 1654 1633 καταθάψομεν,

577 1683 672 1746 οὐχ
709 1679 799 1732 ὑπὸ
837 1679 1095 1742 κλαυθμῶν
1131 1682 1224 1731 τῶν
1262 1676 1317 1740 ἐξ
1353 1675 1509 1738 οἴκων,

212 1861 263 1901 V.
295 1861 415 1902 1424.
444 1861 537 1901 Post
564 1862 621 1907 τίς
649 1862 668 1901 ὁ
697 1863 882 1915 θρηνήσων
909 1858 1054 1898 codices
1080 1857 1255 1898 inserunt
1282 1857 1352 1897 hos
1380 1869 1535 1896 versus:

646 1935 669 1980 ἦ
700 1935 743 1974 σὺ
770 1930 849 1974 τόδ’
875 1933 984 1990 ἑρζαι
1012 1933 1140 1978 τλήσει
1157 1963 1169 1984 ,
1201 1932 1365 1972 κτείνασ’

647 2007 768 2062 ἄνδρα
796 2009 858 2048 τὸν
887 2007 1002 2053 αὑτῆς
1018 2038 1030 2058 ,
1060 2009 1297 2049 ἀποκωκῦσαι

649 2083 788 2134 ψυχὴν,
820 2084 965 2135 ἄχαριν
992 2083 1106 2136 χάριν
1131 2079 1211 2120 ἀντ’
1241 2081 1357 2133 ἔργων

647 2155 820 2205 μεγάλων
845 2153 980 2199 ἀδίκως
1008 2156 1230 2208 ἒπικρᾶναις

215 2272 266 2314 V.
297 2271 417 2313 1419.
447 2272 530 2319 δίκη
558 2271 588 2313 δ’
620 2270 678 2313 ἐπ’
706 2275 796 2314 ἄλλο
824 2280 992 2329 πρᾶγμα
1017 2277 1118 2326 θήγει
1141 2275 1306 2328 βλάβης.
1356 2271 1473 2310 1423.
1506 2271 1658 2327 δροίτας
1686 2274 1743 2311 νῦν
1771 2287 1857 2311 κατ.
1875 2272 2023 2325 χαμεύ-

267 2363 338 2394 νην.
385 2346 506 2386 1425.
535 2348 593 2392 τίς
620 2345 651 2385 δ’
668 2348 893 2401 ἐπιτύμβιος
920 2346 1029 2392 αἶνος.
1090 2347 1208 2386 1426.
1239 2346 1409 2400 δακρύοιν
1435 2343 1496 2383 Fl.
1559 2344 1677 2383 1428.
1707 2346 1865 2397 μέλημα
1894 2346 2024 2396 λέγειν.

271 2508 394 2549 1419.
421 2514 551 2565 Μοῖρα
572 2513 717 2562 θηγάνει
738 2511 851 2564 βέλος
871 2512 952 2551 κτλ.
989 2509 1078 2550 Vid.

216 2576 435 2616 Comment.
463 2575 607 2615 Similis
633 2576 759 2628 imago
775 2577 887 2616 estin
903 2577 1078 2629 Choeph.

218 2643 322 2686 647:
366 2645 616 2699 προχαλκεύει
658 2641 691 2684 δ’
717 2644 812 2686 Αἷσα
840 2648 1081 2701 φασγανοῦρ-

216 2728 293 2765 γος.
322 2714 360 2750 et
386 2711 500 2751 Eum.
532 2712 632 2759 860,
676 2710 741 2751 ubi
778 2712 905 2752 Furiis
944 2712 1082 2752 tribuit

218 2782 441 2836 αἱματηρὰς
469 2783 646 2832 θηγάνας.

273 2848 391 2887 1422.
414 2851 688 2905 ἀργυροτοίχου
705 2849 858 2905 ’δροίτας
874 2850 1078 2903 χαμεύναν.

219 2915 408 2969 χαμεύνη,
441 2917 568 2955 cubile
595 2921 814 2964 terrenum,
845 2917 1000 2970 proprie
1025 2918 1083 2956 est

219 2982 433 3035 sepulcrum
447 3000 459 3032 ς,
506 2985 638 3039 δροίτῃ
664 2986 791 3023 autem
818 2986 875 3024 est
901 2984 954 3024 id.
984 2984 1084 3036 quod

222 3055 350 3107 σόρος,
383 3050 532 3092 loculus
558 3052 599 3091 in
632 3065 707 3104 quo
737 3052 895 3092 cadaver
922 3065 1082 3104 repone-

220 3117 346 3158 batur.
400 3119 479 3159 Hic
518 3133 564 3159 ex
600 3120 777 3171 adjuncto
814 3125 1084 3177 ἀργυρότοιχος

221 3183 434 3238 colligitur,
462 3188 626 3240 figurate
662 3187 716 3227 sic
739 3187 812 3227 diei
838 3187 1012 3235 labrum,
1042 3188 1082 3226 in

222 3264 296 3303 quo
338 3252 507 3294 irretitus
535 3254 764 3295 occubuerat
792 3256 1057 3308 Agamemnon
1070 3286 1081 3301 ‚

223 3331 336 3370 quem
376 3333 492 3374 supra
531 3336 587 3362 vs.
633 3324 740 3363 1129
782 3326 892 3364 vocat
935 3327 1083 3378 λέβητα

224 3386 410 3441 δολόφονον
419 3418 434 3437 ,
449 3389 587 3442 quippe
601 3390 665 3442 qui
682 3391 801 3444 cipro
816 3391 968 3445 capsulo
984 3394 1079 3430 erat.

165 3496 167 3498 ,
224 3453 460 3507 Intelligitur
484 3456 571 3496 inde
593 3458 705 3498 occisi
731 3459 889 3499 cadaver
914 3459 953 3498 in
969 3471 1080 3498 scena

223 3522 463 3575 propositum
486 3524 601 3564 fuisse
626 3526 668 3565 in
683 3525 816 3567 balneo
826 3526 971 3579 jacens.
1003 3527 1078 3566 Ar—

221 3594 399 3642 qenteum
413 3589 561 3632 labrum
577 3592 783 3634 Asiaticum
797 3593 928 3634 luxum
946 3595 1079 3634 refert.

1217 2508 1337 2548 1425.
1366 2510 1425 2554 τίς
1450 2505 1481 2547 δ’
1496 2509 1732 2561 ἐπιτύμβιον.
1774 2507 2021 2546 Accusativus

1161 2576 1256 2618 αἶνον
1282 2575 1421 2628 pendet
1441 2575 1487 2615 ab
1513 2578 1667 2616 ἰάπτων.
1691 2575 1916 2629 ἐπιτύμβιος
1932 2575 2028 2622 αἶνος

1160 2647 1219 2683 est
1246 2643 1345 2683 idem
1374 2643 1439 2695 qui
1475 2643 1588 2695 vulgo
1615 2645 1721 2695 λόγος
1752 2646 1946 2697 ἐπιτάφιος
1968 2643 2025 2682 di-

1161 2710 1276 2750 citur.
1331 2710 1450 2750 Poeta
1490 2723 1579 2749 suae
1620 2710 1753 2749 aetatis
1794 2723 1940 2749 morem
1982 2711 2029 2757 ad

1160 2779 1350 2818 heroicam
1377 2780 1539 2817 aetatem
1564 2779 1830 2818 transfert.-
1859 2785 2024 2831 πονήσει,

1162 2846 1202 2886 h.
1232 2858 1267 2886 e.
1296 2846 1456 2886 dolebit.
1487 2846 1540 2885 cf.
1565 2846 1783 2885 Comment.

1219 2915 1338 2953 1431.
1368 2915 1436 2967 οὐχ
1462 2915 1531 2954 ὑπὸ
1558 2916 1766 2966 κλαυθμῶν.
1807 2913 1960 2954 Electra
1985 2914 2027 2952 in

1165 2981 1339 3034 Choeph.
1367 2982 1449 3020 430
1477 2981 1531 3020 sic
1561 2981 1753 3033 queritur:
1785 2985 1852 3033 ἰὼ,
1879 2985 1922 3023 ἰὼ
1938 2983 2028 3024 δαΐα

1164 3052 1359 3102 πάντολμε
1415 3057 1576 3105 μᾶτερ,
1623 3050 1747 3096 δαΐαις
1784 3054 1819 3090 ἐν
1855 3054 2030 3107 ἐκφοραῖς

1165 3121 1252 3158 ἄνευ
1287 3120 1443 3159 πολιτᾶν
1468 3117 1613 3168 ἄνακτ’,
1645 3122 1732 3159 ἄνευ
1759 3119 1798 3158 δὲ
1826 3122 2025 3172 πενθημά-

1163 3202 1235 3226 των
1295 3186 1407 3231 ἔτλας
1457 3189 1684 3239 ἀνοίμωκτον
1732 3187 1851 3243 ἅνδρα
1894 3191 2023 3241 θάψαι.

1164 3253 1304 3292 Herm.
1336 3275 1390 3283 —-
1424 3257 1457 3294 οὶ
1479 3256 1520 3301 ἐξ
1550 3257 1654 3295 οἴκων
1688 3260 1780 3294 sunt
1807 3255 2025 3302 domestici,

1161 3320 1367 3360 familiares
1403 3325 1440 3360 et
1482 3321 1635 3361 clientes
1672 3323 1786 3362 funus
1813 3323 2027 3362 efferentes.

1161 3388 1322 3428 Poetam
1350 3388 1422 3428 hoc
1450 3388 1587 3429 dixisse
1616 3389 1742 3442 colligi
1768 3389 1880 3430 licet:
1908 3391 2025 3429 uNon

1160 3457 1262 3496 inter
1298 3456 1410 3496 fietus
1447 3457 1655 3497 amicorum
1689 3459 1832 3498 moeste
1859 3458 1899 3497 in
1930 3457 2025 3497 Orci

1161 3524 1315 3564 domum
1344 3525 1542 3573 efferetur,
1569 3526 1632 3566 sed
1660 3524 1795 3566 blande
1818 3524 1928 3565 illum
1956 3537 2019 3564 ex-

1161 3592 1275 3644 cipiet
1307 3591 1353 3631 ad
1393 3593 1621 3634 Acherontis
1648 3593 1789 3634 flumen
1818 3592 2021 3646 Iphigenia

1768 3671 1828 3715 14
