2306 3944
305 205 396 250 248
454 169 458 175 ’
954 174 1452 246 COMMENTARIUS

303 365 581 415 quamquam
613 347 844 412 plerisque
877 324 1205 410 interpretibus
1238 345 1356 393 nihil
1386 344 1590 408 scrupuli
1613 345 1743 402 fecit,
1769 346 1932 395 merito
1952 328 2109 406 tamen

297 435 394 497 jam
425 429 678 494 Musgravii
711 427 1154 478 animadversionem
1180 444 1276 476 non
1304 428 1476 491 effugit.
1518 427 1639 475 Nam
1672 444 1758 476 nec
1783 431 1950 488 ἑστίαις
1978 435 2112 491 μῆλα

303 521 409 581 apte
435 515 717 578 junguntur,
750 528 835 560 nec
871 517 979 575 προς
1005 511 1217 575 ’σφαγᾶς
1239 513 1379 574 πυρός
1417 509 1704 560 commodam
1738 512 1940 561 admittit
1970 515 2113 579 expli-

305 599 532 647 cationem
547 635 560 656 ‚
610 614 755 662 quum
802 613 954 662 neque
1004 595 1231 659 significet
1278 588 1621 644 mactationem'
1651 596 1715 645 ad
1753 597 1918 661 iquem,
1962 614 2113 663 neque

305 697 422 746 quae
462 697 550 743 per
597 681 738 744 iqnem
784 681 864 728 fiat
911 707 979 718 —-
1028 697 1124 728 non
1174 680 1297 728 enim
1338 680 1459 743 ignis
1498 681 1583 728 sed
1617 681 1752 729 cultri
1786 698 1874 746 ope
1908 681 2117 731 caeditur

226 793 229 797 v
303 765 488 814 victima
519 793 588 802 -
617 781 768 829 neque
809 781 927 829 quae
966 765 1061 828 iqui
1104 764 1283 828 (dativ.)
1316 766 1420 823 fiat,
1453 782 1598 830 quum
1631 782 1726 814 non
1758 766 1878 829 igni,
1912 766 1997 814 sed
2028 767 2116 816 diis

304 849 579 896 immoletur.
645 847 938 910 Musgravius
978 864 1063 912 pro
1107 850 1244 911 πυρός
1280 848 1530 911 legendum
1564 850 1743 898 censuit
1780 856 1923 913 πάρος
1937 886 1954 910 ,
1989 850 2118 915 quod

303 947 411 979 cum
466 931 666 994 genitivo
719 932 883 990 ἑστίας
948 935 1260 989 construatur3
1307 933 1382 980 cui
1432 948 1528 980 non
1578 933 1955 998 anteponendum
2004 951 2117 982 sane

307 1001 432 1080 quod
481 1015 774 1063 Thierschius
824 1015 1017 1078 conjecit
1061 1019 1238 1074 πέλας.
1305 1016 1409 1063 Hoc
1451 1016 1574 1064 enim
1607 1021 1661 1065 ut
1694 1033 1722 1064 a
1753 1017 1978 1065 librorum
2010 1016 2120 1066 scri·

305 1104 443 1164 ptura
474 1100 656 1162 longius
689 1099 889 1156 recedit,
931 1099 996 1146 ita
1027 1115 1192 1163 parum
1227 1115 1276 1146 se
1310 1100 1599 1148 commendat
1631 1100 1687 1148 ab
1723 1101 1955 1165 euphonia
1988 1102 2115 1164 σφα-

291 1189 399 1246 -γὲις
425 1187 601 1242 πέλας.
650 1182 708 1230 Ι11
740 1182 904 1230 ultimo
935 1199 1072 1230 versu
1087 1182 1320 1245 ingratum
1349 1188 1445 1231 erat
1481 1185 1727 1248 repetitum
1749 1191 1806 1236 σὺ
1830 1183 1890 1242 δ’,
1911 1201 1995 1249 pro
2019 1201 2113 1250 quo

307 1283 471 1315 sensus
503 1253 707 1331 Postulat
739 1266 896 1330 potius
932 1266 1016 1317 1532
1032 1302 1048 1326 ,
1085 1267 1214 1331 quod
1246 1267 1420 1331 scripsi.

373 1383 452 1432 Vs.
489 1388 597 1434 961.
663 1385 816 1447 Vulgo
847 1385 1038 1448 legitur:

692 1503 713 1559 ἦ
745 1508 967 1564 μαίνεταὶ
999 1526 1057 1566 γε
1087 1511 1164 1555 καῖ
1197 1512 1350 1556 κακῶν
1382 1510 1518 1557 κλύει
1550 1507 1748 1568 Φρενῶν,

692 1586 794 1644 ἥτις
827 1594 1036 1637 λιποῦσαι
1068 1595 1152 1647 μὲν
1189 1590 1328 1637 πόλιν
1361 1593 1591 1649 νεαίρετον

691 1667 789 1722 ἥκει
825 1697 884 1704 -

310 1781 610 1829 Hermannus
660 1782 842 1846 scripsit
893 1783 914 1841 ἦ
959 1786 1185 1845 μαίνεταί
1234 1805 1288 1834 τε
1335 1789 1429 1835 καὶ.
1480 1785 1873 1850 Frequentissima
1907 1801 2018 1834 sane
2053 1791 2123 1834 est

312 1866 553 1931 utriusque
586 1867 838 1931 particulae
871 1867 1174 1930 permutatim
1209 1867 1283 1915 hic
1316 1873 1471 1917 tamen
1503 1869 1620 1917 nihil
1650 1869 1926 1918 mutandum
1949 1871 2121 1935 putavi.

316 1950 338 2007 Ξ
383 1971 441 2013 γε
497 1954 620 1998 recte
674 1949 954 2012 junguntur,
1003 1954 1057 1998 ut
1093 1951 1220 2000 Pers.
1255 1955 1346 1999 633
1400 1951 1422 2009 Ξ
1465 1955 1535 2013 ῥα.
1602 1954 1815 2017 Sophocl.
1865 1955 1973 2004 Ant.
2027 1956 2121 2005 172

315 2032 337 2090 ἦ
379 2053 485 2083 που.
554 2033 774 2081 Similiter
829 2035 1103 2098 copulantur
1148 2040 1305 2086 καίτοι
1347 2057 1434 2099 γε,
1486 2043 1566 2086 καὶ
1620 2041 1706 2099 μῆν
1752 2059 1829 2102 γε.
1898 2039 1990 2087 Sed
2037 2056 2122 2104 pro

315 2122 546 2179 νεαίρετον
594 2118 851 2166 necessario
895 2118 1144 2181 legendum
1185 2124 1298 2183 puto
1341 2126 1606 2182 νεαίρετος,
1653 2125 1755 2168 tum
1789 2123 1898 2186 quia
1933 2122 2021 2170 hoc
2053 2140 2124 2171 re-

314 2201 512 2264 spondet
548 2202 827 2265 praegressis
862 2202 1001 2250 Chori
1032 2203 1182 2250 verbis
1217 2202 1386 2267 quibus
1434 2204 1690 2252 Cassandra
1727 2209 1962 2268 νεαιρέτου
1998 2211 2124 2271 θηρὸς

315 2285 461 2332 instar
493 2285 662 2333 dicitur
694 2303 818 2344 esse,
851 2290 952 2334 tum
985 2287 1094 2351 quia
1127 2287 1284 2334 sensui
1318 2292 1388 2335 est
1420 2289 1710 2337 conveniens.
1750 2290 1872 2336 Nam
1897 2289 1957 2336 ad
1973 2306 2124 2339 mores

317 2370 486 2434 captivi
533 2386 629 2418 non
674 2374 770 2418 tam
808 2370 999 2418 interest
1047 2374 1204 2418 utrum
1237 2371 1385 2434 patria
1419 2371 1517 2433 ejus
1550 2389 1701 2436 nuper
1734 2388 1794 2420 an
1829 2372 2009 2421 dudum
2043 2391 2120 2422 ex-

315 2459 523 2518 pugnata
553 2455 634 2513 sit,
667 2471 807 2519 quam
838 2459 996 2503 utrum
1027 2455 1126 2519 ipse
1159 2472 1318 2503 recens
1357 2472 1516 2504 servus
1549 2457 1697 2505 factus
1734 2474 1794 2505 an
1829 2458 1912 2506 diu
1939 2459 2122 2507 servitio

321 2543 532 2587 assuetus
567 2539 639 2588 sit.

383 2644 463 2693 Vs.
500 2646 610 2692 965.
648 2643 918 2692 Mirandum
951 2661 978 2691 a
1011 2644 1243 2708 plerisque
1267 2645 1538 2694 deteriorem
1563 2646 1811 2694 lectionem
1836 2649 2124 2708 ἀτιμωθήσο-

323 2748 409 2790 μαι
456 2728 767 2792 praepositam
817 2745 917 2776 esse
969 2729 1100 2776 alteri
1145 2732 1544 2791 ἀτιμασθήσομαι.
1591 2731 1852 2778 Discrimen
1883 2731 2125 2795 utriusque

323 2812 495 2875 optime
530 2812 730 2875 explicat
762 2812 1063 2860 Ammonius:
1101 2814 1362 2873 ἀτιμοῦται
1397 2821 1481 2874 μὲν
1519 2818 1607 2875 γάρ
1645 2835 1719 2872 τις
1751 2818 1837 2863 ὑπο
1866 2823 1957 2865 τῶν
1984 2817 2123 2875 νόμων

324 2901 580 2960 ὁλοσχερεῖ
606 2898 782 2958 ἀτιμίᾳ
814 2933 828 2948 .
863 2898 1162 2960 ἀτιμάζεται
1194 2898 1249 2945 δὲ
1278 2898 1298 2945 ὃ
1335 2898 1627 2958 ὑβριζόμενος
1657 2899 1704 2947 ἕν
1732 2918 1823 2947 τινι
1852 2904 2127 2959 πράγματι.

326 2981 510 3044 Quibus
543 2980 771 3027 calculum
803 2980 960 3041 adjicit
990 2980 1209 3028 Valcken.
1243 2979 1304 3026 ad
1336 2979 1556 3027 Adoniaz.
1589 2997 1635 3043 p.
1671 2983 1778 3029 228.
1822 2984 2023 3043 ἀτιμοῦν
2059 2986 2128 3029 est

324 3066 517 3113 verbum
551 3064 607 3111 de
635 3064 732 3111 foro
750 3102 763 3121 ,
798 3067 1053 3127 ἀτιμάζειν
1095 3080 1119 3111 e
1154 3063 1387 3111 communi
1419 3080 1509 3110 usu
1542 3067 1746 3111 sumtum
1778 3064 1920 3128 idque
1941 3066 2127 3128 tragicis

325 3149 460 3197 valde
508 3149 870 3213 frequentatum,
920 3164 1004 3212 pro
1053 3165 1145 3213 quo
1195 3147 1343 3212 poetis
1387 3147 1620 3195 interdum
1657 3151 1835 3209 ἀτιμῖιν
1866 3154 2127 3213 usurpatur.

327 3233 480 3280 Etiam
527 3233 578 3280 in
626 3232 842 3296 Aeschyli
892 3233 1051 3296 Suppl.
1105 3235 1196 3278 645
1251 3236 1296 3279 et
1341 3232 1542 3295 Choeph.
1580 3235 1671 3278 636
1720 3234 2049 3294 ἀτιμώσαντες
2084 3239 2130 3281 et

332 3319 557 3376 ἀτιμωθὲν
602 3316 651 3362 in
696 3317 1025 3376 ἀτιμάσαντες
1072 3319 1117 3362 et
1151 3317 1409 3377 ἀτιμασθέν
1442 3315 1664 3362 mutanda
1698 3332 1876 3363 censeo.

396 3435 475 3484 Vs,
510 3437 602 3482 969
639 3451 706 3498 sq.
741 3434 832 3484 977
869 3451 935 3498 sq.
1002 3435 1059 3482 In
1099 3434 1528 3492 exclamationibus,
1564 3450 1679 3499 quas
1714 3434 1969 3483 Cassandra
2007 3435 2127 3493 edit,

333 3523 402 3566 est
451 3518 603 3582 aliqua
651 3518 862 3566 lectionis
911 3519 1126 3576 varietas,
1176 3534 1314 3583 quam
1359 3518 1487 3566 auxit
1520 3518 1658 3566 etiam
1695 3518 1970 3567 dissentiens
2011 3519 2130 3566 criti-

334 3620 490 3651 corum
528 3602 768 3665 judicium.
834 3603 923 3650 Pro
965 3607 1110 3653 ποποῖ
1137 3603 1278 3652 Dind.
1327 3603 1455 3651 dedit
1492 3607 1653 3660 τοτοῖ,
1690 3603 1856 3651 Blomf.
1893 3608 1938 3651 et
1970 3602 2128 3651 Herm.
