2340 3958
929 175 1397 224 ΑΓΑΜΕΜΝΩΝ.
1995 169 2022 219 1
2034 170 2061 218 1

407 340 590 400 ὕπατος
630 340 669 392 δ’
706 339 819 392 οὲΐων
859 338 886 399 ἤ
924 357 996 396 τις
1035 335 1290 390 Ἀπόλλων
2015 351 2064 388 55

261 458 328 507 55
407 453 434 515 ἢ
473 451 581 506 Παν
619 450 647 513 ἢ
687 448 807 508 Ζεὺς
845 447 1091 513 οἰωνόθροον

406 561 515 624 γόον
552 558 760 623 ὀξυβόαν
797 556 941 610 τῶνδε
978 558 1089 620 μετ’
1120 553 1312 617 οἴκτων,

626 665 943 734 ὑστερόποινον

514 779 698 843 πέμπει
737 777 1022 844 παραβοῖσιν
1061 775 1254 842 Ἐρινύν.

400 889 517 943 οὕτω
557 888 596 941 δ’
627 887 831 956 Ἀτρέως
871 887 1067 955 παῖδας,
1098 887 1119 939 0‘
1157 885 1316 953 κρείων
2018 900 2069 940 fio

255 1003 323 1054 60
401 1002 479 1053 ἐπ’
513 997 811 1066 Ἀλεξάνδρῳ
850 997 1035 1062 πέμπει
1075 996 1217 1059 ξένιος

404 1112 548 1173 Ζεὺς,
589 1108 871 1177 πολυάνορος
910 1108 1046 1177 ἀμφὶ
1086 1107 1313 1171 γυναικὸς

403 1223 570 1276 πολλοὶ
608 1220 949 1286 παλαίσματα
986 1219 1069 1273 καὶ
1108 1219 1344 1285 γυιοβαρῆ

402 1332 606 1397 γόνατος
643 1333 866 1387 κονίαισιν
903 1332 1182 1400 ἐρειδομένου

402 1444 758 1510 διακναιομένης
796 1446 841 1497 τ’
879 1445 927 1496 ἐν
965 1442 1251 1510 προτελείοις
2017 1458 2066 1498 65

261 1559 329 1608 65
520 1551 743 1619 κοίμακος
783 1554 932 1615 θήσων
970 1558 1231 1606 Δαναοῖσιν

407 1662 567 1731 Τρωσί
602 1663 641 1716 θ’
678 1662 861 1727 ὁμοίως.
902 1662 1004 1716 ἔστι
1043 1664 1082 1716 δ’
1120 1661 1212 1731 ἕπῃ
1250 1668 1328 1716 νῦν

405 1772 505 1827 ἔστι
523 1817 538 1836 ,
577 1778 794 1827 τελεῖται
834 1773 936 1832 δ’ἕς
974 1773 1029 1826 τὸ
1068 1772 1388 1840 πεπρωμένον

257 1920 308 1960 V.
339 1921 406 1961 61.
435 1921 546 1960 Forf.
574 1919 650 1974 leg.
680 1922 899 1978 πολυδήριος
925 1925 1025 1976 ἀμφὶ
1050 1926 1228 1973 γυναικός.

257 2020 306 2058 V·
339 2021 402 2061 56.
440 2023 552 2062 τῶνδε
590 2023 789 2074 μετοίκων.
849 2022 915 2062 59.
946 2023 965 2062 ὁ
999 2024 1189 2077 κρείσσων.
1249 2020 1317 2062 63.
1375 2025 1616 2077 ἐρειπομένου
1646 2017 1905 2071 superscripto
1938 2018 1979 2059 δο
2010 2016 2069 2057 Fl.

254 2148 479 2201 δεμνιοτήρη
506 2155 611 2190 πόνον
634 2148 936 2202 interpretemur
962 2153 1120 2202 (paren-

256 2218 352 2264 tum)
381 2217 551 2256 laborem
593 2217 752 2257 tuendi-5
783 2217 987 2269 pullorum
1014 2217 1122 2256 nidis

254 2283 467 2336 impensum
482 2302 494 2323 .·
524 2298 614 2324 nam
630 2285 874 2342 δεμνιοτήρης
899 2297 919 2324 e
935 2286 1121 2338 potestate

255 2350 363 2391 verbi
386 2358 514 2409 τηρεῖν
529 2354 732 2405 utrumque
747 2354 960 2406 significare
974 2354 1117 2406 potest,

256 2419 392 2459 nidum
419 2433 578 2460 servans
605 2434 637 2460 s.
662 2425 797 2460 tenens
825 2424 863 2460 et
888 2420 1023 2460 nidum
1052 2434 1119 2460 cu-

255 2487 454 2533 stodiens;
494 2487 706 2540 posteriore
741 2487 814 2527 hoc
841 2500 954 2527 sensu
981 2488 1121 2540 geniti-

254 2567 325 2594 vus
354 2556 567 2611 ὀρταλίχων
607 2555 772 2608 pendeat
812 2568 834 2594 a
862 2556 1118 2614 δεμνιοτήρη,

254 2634 409 2674 operam
437 2623 635 2662 niditaam
663 2627 849 2674 (tuentem
863 2625 1119 2676 nidummal-

253 2690 379 2730 lorum
389 2706 405 2736 ;
430 2690 532 2730 hane
552 2703 707 2743 operam
718 2692 984 2743 perdiderunt
996 2710 1008 2731 .·
1037 2693 1119 2731 fru-

255 2759 336 2797 stra
359 2770 450 2798 cura
464 2771 530 2798 sua
545 2758 667 2811 pullos
682 2759 874 2799 foverunt.
892 2763 1090 2816 ὀρτάλιχοι
1106 2770 1118 2781 ·

253 2829 288 2867 οἱ
315 2834 432 2878 μήπω
454 2832 652 2879 πετόμενοι
678 2830 842 2877 νεοσσοὶ,
867 2832 929 2869 καὶ
947 2832 980 2869 οἱ
1009 2831 1118 2869 ἀλεκ-

255 2900 416 2950 τρυόνες.
461 2895 633 2946 Hesych.

311 2963 379 3001 54.
407 2966 432 3010 ἥ
445 2978 504 3009 τις
518 2959 720 3014 Ἀπόλλων,
742 2962 769 3003 i.
782 2976 816 3003 e.
834 2964 937 3003 Dens
950 2963 1119 3017 aliquis,

256 3027 386 3080 qualis
412 3029 565 3082 Apollo.
610 3030 700 3069 Hoc
728 3043 840 3070 sensu
869 3047 928 3077 τις
955 3030 1120 3071 nomini-

256 3093 326 3135 bus
354 3097 522 3150 propriis
548 3097 743 3150 jungitur.
787 3098 837 3138 cf.
867 3099 987 3152 Soph.
1019 3098 1118 3138 Oed.

259 3161 344 3203 Col.
371 3177 430 3204 vs.
462 3165 582 3205 1485.
611 3165 813 3218 Aristoph.
828 3165 935 3206 Plut.
950 3179 1007 3206 vs.
1026 3167 1120 3207 696.

258 3229 398 3271 Herm.
441 3232 488 3272 ad
527 3233 571 3273 h.
610 3232 637 3272 l.
677 3234 949 3274 Memorantur
986 3231 1122 3276 Ἀπόλ-

259 3298 355 3350 λων,
394 3300 439 3338 ut
477 3299 571 3340 deus
610 3303 784 3349 venator,
823 3314 941 3354 eoque
966 3303 1121 3342 nomine

259 3376 376 3416 aeque
394 3368 507 3419 atque
526 3367 714 3424 ’Ἄρτεμις
742 3382 799 3409 vs.
816 3370 895 3409 140
907 3370 1048 3410 teneris
1063 3372 1119 3410 fa-

259 3443 352 3470 vens
374 3432 509 3485 pullis,
551 3441 636 3477 Πὰν
664 3436 888 3485 monticola,
919 3440 963 3477 ut
991 3451 1120 3490 agres-

258 3497 358 3538 tium
371 3499 591 3542 animalium
605 3506 789 3556 patronus
804 3536 815 3551 ‚
841 3504 1002 3557 denique
1016 3518 1120 3545 sum-

260 3579 346 3607 mus
383 3568 497 3622 Ζεὺς,
550 3571 733 3623 tanquam
776 3571 1006 3624 injuriarum
1035 3573 1120 3614 vin-

1203 2148 1289 2188 dex.
1340 2146 1438 2186 Mox
1461 2146 1574 2199 jung.
1605 2151 1688 2198 γόον
1714 2145 1803 2199 μετ’
1834 2149 1979 2188 οἴκτων.
2014 2146 2066 2185 cf.

1203 2216 1423 2256 Comment.

1259 2284 1327 2324 61.
1359 2285 1598 2340 πολυάνορος.
1658 2283 1749 2323 Non
1791 2282 1963 2336 accipere
1996 2283 2070 2322 hoe

1201 2349 1293 2391 licet
1319 2352 1477 2404 proprio
1506 2363 1619 2390 sensu
1650 2363 1750 2404 quae
1777 2351 1920 2390 multos
1947 2350 2068 2389 mari-

1203 2424 1263 2460 tos
1290 2419 1442 2459 habuit.
1486 2419 1587 2459 Talis
1615 2419 1717 2458 enim
1734 2417 1883 2457 Helena
1911 2431 1954 2458 eo
1982 2418 2067 2470 qui-

1203 2487 1287 2527 dem
1317 2489 1493 2540 tempore
1520 2486 1593 2526 dici
1620 2499 1698 2525 non
1726 2487 1904 2539 poterat,
1934 2487 2069 2538 utpote

1203 2555 1385 2595 secundas
1439 2554 1552 2594 modo
1597 2554 1750 2607 nuptias
1789 2555 1940 2601 secuta3
1998 2565 2066 2606 po-

1203 2625 1283 2663 stea
1323 2622 1476 2674 quidem
1518 2622 1678 2661 tertium
1730 2621 1904 2674 nupsisse
1944 2621 2070 2662 fertur

1201 2688 1423 2742 Deiphobo;
1454 2688 1519 2728 sed
1546 2689 1618 2728 hoc
1646 2689 1762 2728 choro
1777 2689 1967 2742 ignotum.
1994 2688 2064 2728 In-

1199 2756 1490 2810 terpretandum
1513 2768 1605 2808 ergo
1630 2769 1718 2796 cum
1743 2756 1968 2796 scholiasta:
1998 2772 2067 2799 πο·

1202 2828 1399 2881 λυάνορος,
1430 2831 1498 2872 τῆς
1525 2826 1679 2871 πολλοὺς
1706 2832 1927 2881 μνηστῆρας
1953 2829 2067 2879 ἑσχη·

1203 2896 1321 2939 κυίοις.
1360 2893 1434 2932 nisi
1465 2893 1709 2943 conjiciamus
1736 2899 1887 2945 poetam
1911 2907 1979 2946 pro
1996 2895 2069 2932 hoc

1202 2960 1397 3014 scripsisse
1437 2962 1659 3018 πολυδήριος
1701 2964 1738 3011 (a
1781 2961 1899 3018 δῆρις)
1918 2993 1928 3008 ,
1973 2961 2070 3001 sicut

1201 3028 1303 3068 infra
1329 3041 1387 3068 vs.
1415 3029 1493 3067 686
1522 3034 1722 3083 ἀμφινεικῆ
1749 3041 1832 3068 eam
1859 3031 1984 3070 vocat.

1257 3098 1322 3136 64.
1353 3099 1557 3153 προτέλεια
1570 3097 1726 3149 proprie
1745 3096 1924 3137 dicuntur
1940 3099 1979 3139 αἱ
1992 3101 2068 3153 πρὸ

1203 3174 1277 3207 τῶν
1292 3169 1427 3217 γάμων
1448 3166 1667 3217 τελοὺμενοιι
1686 3167 1807 3208 θυσίαι
1830 3168 1892 3207 καὶ
1912 3167 2064 3221 δωρεαί.

1203 3234 1379 3274 Timaeus
1394 3233 1488 3272 Lex.
1505 3233 1608 3273 Plat.
1623 3233 1688 3272 ubi
1699 3234 1851 3286 egregie
1867 3235 1939 3273 hoo
1954 3247 2067 3274 voca-

1203 3301 1335 3341 bulum
1361 3299 1530 3340 illustrat
1545 3300 1812 3342 Ruhnkenius.
1842 3302 1892 3342 of.
1920 3301 2067 3343 Blomf.

1203 3368 1414 3420 Aeschylus
1457 3369 1605 3422 tropice
1633 3371 1794 3422 usurpat
1822 3369 1938 3409 etiam
1964 3369 2066 3409 infra

1204 3451 1260 3478 vs.
1304 3437 1382 3481 227
1427 3438 1465 3477 et
1510 3437 1605 3480 720.
1677 3437 1951 3490 significantur
2003 3437 2067 3476 hic

1202 3505 1348 3559 proelia
1389 3516 1460 3547 τῶν
1507 3509 1747 3563 προμάχων,
1790 3505 1916 3559 qualia
1955 3518 2066 3559 saepe

1203 3575 1395 3614 memorat
1425 3574 1635 3615 Homerus.
