2340 3958
892 201 1363 249 ΑΓΑΜΕΜΝΩΝ.
1975 196 2040 244 55

483 361 688 428 δύςεδρος
727 360 808 413 καὶ
848 360 1094 425 δυςόμιλος
1134 360 1322 425 συμένα
1357 359 1695 427 Πριαμίδαισιν

781 475 960 538 πομπᾷ
1010 468 1123 527 Διὸς
1162 467 1312 531 ξενίου

779 579 1152 647 νυμφόκλαυτος
1190 577 1386 645 Ἐρινύς.
1961 596 2040 639 749

227 693 330 744 670
595 691 918 758 παλαίφατος
956 690 995 742 δ’
1032 690 1080 741 ἐν
1123 689 1309 755 βροτοῖς
1348 689 1496 756 γέρων
1533 690 1678 754 λόγος
1887 703 1968 743 ἀντ.
1988 699 2037 751 γ’.

520 805 786 861 τέτυκται,
826 800 995 863 μέγαν
1033 798 1326 853 τελεσθέντα
1363 800 1525 868 φωτὸς
1564 800 1707 863 όλβον

669 910 944 963 τεκνοῦσθαι
982 907 1094 971 μηδ’
1133 907 1326 962 ἄπαιδα
1362 910 1598 971 θνήσκειν·

743 1021 797 1073 ἐκ
829 1021 869 1073 δ’
908 1022 1109 1084 οέγαθοῖς
1146 1021 1316 1086 τύχας
1354 1021 1481 1084 γένει
1968 1041 2046 1084 755

706 1130 1010 1195 βλαστάνειν
1050 1130 1305 1196 οέκόρεστον
1343 1129 1482 1196 οἰζύν.

228 1243 332 1293 675
486 1240 609 1306 δίχα
639 1240 679 1292 δ’
719 1239 884 1294 ἄλλων
916 1239 1162 1308 μονόφρων
1195 1240 1308 1304 εἶμί.
1359 1239 1413 1292 τὸ
1447 1239 1675 1303 δυςσεβὲς
1709 1240 1807 1307 γαρ
1840 1239 1973 1307 ἔργον

489 1350 636 1403 τέκνα
673 1350 762 1414 μὲν
800 1350 1001 1403 πλείονα
1039 1349 1221 1412 τίκτει,
1264 1349 1484 1417 σφετέρα
1516 1349 1555 1401 δ’
1595 1350 1760 1404 εἰκότα
1800 1351 1971 1420 γέννα·

789 1458 921 1513 οἴκων
960 1460 1008 1513 δέ
1046 1463 1098 1524 γ’
1138 1459 1383 1514 εὐθυδίκων
1969 1481 2046 1524 761

791 1571 1062 1629 καλλίπαις
1103 1570 1289 1635 πότμος
1330 1570 1438 1623 αἰεί.

563 1684 707 1747 φιλεῖ
741 1679 789 1732 δὲ
827 1680 1005 1733 τίκτειν
1046 1678 1179 1748 ὕβρις
1218 1681 1308 1745 μὲν
1348 1682 1547 1735 παλαια
1586 1680 1692 1734 νεοί-
1892 1708 1978 1747 στρ.
2001 1691 2046 1732 δ’.

233 1795 336 1844 680
643 1790 816 1856 ζουσαν
855 1793 901 1843 ἐν
939 1798 1104 1851 κακοῖς
1142 1791 1324 1858 βροτῶν
1364 1790 1498 1859 ὕβριν
1966 1812 2045 1855 765
2079 1794 2084 1797 ’

231 1967 282 2008 V.
313 1968 407 2011 675.
438 1968 532 2011 676.
571 1971 616 2010 τὸ
653 1972 732 2024 γὰρ
765 1969 939 2023 δυςσεβὲς
969 1973 1075 2025 ἔργον
1103 1973 1206 2022 μετὰ
1234 1972 1305 2022 μὲν
1332 1971 1397 2012 πλ.
1458 1966 1552 2013 677.
1584 1973 1689 2011 οἴκων
1715 1975 1792 2027 γὰρ
1823 1972 1901 2011 edo.-

229 2102 379 2142 tristem
407 2103 499 2143 fecit
526 2103 751 2155 nuptiarum
780 2103 965 2143 exitum.”
1005 2104 1098 2143 Ideo

231 2171 271 2211 δὲ
311 2173 398 2223 post
439 2175 638 2228 ἐπέκρανεν
687 2171 854 2223 positum
907 2173 1098 2225 emphasis

231 2237 378 2291 gratia,
422 2251 500 2277 non
530 2243 616 2291 post
643 2242 940 2294 παρακλίνασαι,
977 2253 1099 2292 quum

231 2318 302 2358 per
329 2308 495 2345 metrum
527 2319 644 2358 aeque
672 2307 838 2347 licuisset
865 2308 919 2347 sic
948 2307 1096 2346 dicere:

232 2376 500 2429 παρακλίνασα
529 2372 560 2414 δ’
585 2378 765 2430 ἐπέκρανε
802 2380 928 2429 ’γάμου
956 2380 1098 2432 πικρὰς

233 2444 423 2489 τελευτάς.
482 2444 752 2498 παρακλίνασα
768 2475 780 2495 ,
813 2456 891 2483 non
918 2445 962 2483 in
985 2444 1100 2496 pejus

232 2523 372 2557 versa,
417 2513 459 2549 ut
483 2513 597 2562 vulgo
625 2511 751 2564 intpp.
783 2511 847 2550 sed
886 2511 979 2551 lecti
1008 2525 1098 2551 con-

232 2589 316 2616 sors
346 2578 491 2631 facta.-
534 2580 739 2630 postquam
781 2579 917 2631 nupsit
944 2579 1096 2625 Paridi,

233 2645 334 2685 facta
377 2649 434 2685 est
475 2646 622 2685 Priami
661 2646 790 2686 domui
826 2649 1101 2702 νυμφόκλαυτος

233 2713 397 2769 Ἐρινὺς,
452 2714 630 2754 luctuosa
683 2728 715 2754 s.
744 2715 915 2767 funesta
962 2728 1103 2767 sponsa

234 2782 426 2833 Erinnys.
476 2781 582 2821 Male
609 2785 883 2838 νυμφόκλαυτος
909 2783 1101 2836 interpre-

235 2851 370 2889 tantur
392 2850 575 2904 deflenda
597 2855 746 2903 sponsis
773 2851 834 2890 vel
861 2851 1101 2903 viminibus,

235 2917 336 2969 quod
363 2919 407 2956 ut
443 2918 571 2957 sensui
605 2918 859 2970 incongruum
899 2922 1001 2958 recte
1029 2919 1102 2958 im-

235 2984 375 3037 probat
402 2984 581 3032 Paleius3
626 2989 683 3026 est
719 2986 821 3025 idem
849 2986 950 3039 quod
980 2987 1101 3041 νύμφη

240 3055 391 3100 κλαυτὴ.
437 3052 612 3092 Liberior
628 3054 719 3093 haec
745 3056 802 3093 est
817 3055 1103 3107 compositionis

239 3120 362 3167 ratio,
405 3134 480 3172 qua
517 3125 651 3173 poetae
679 3122 871 3161 interdum
918 3125 1101 3161 utuntur:

241 3186 426 3238 ejusmodi
449 3191 508 3227 est
535 3189 607 3228 hoc
636 3189 814 3240 Aeschyli
844 3189 982 3243 Suppl.
999 3191 1102 3237 868,

242 3253 308 3292 ubi
321 3268 426 3294 mare
453 3256 592 3295 dicitur
621 3259 821 3314 ἁλίρρυτον
849 3260 989 3307 ἄλσος,
1011 3259 1053 3297 h.
1070 3271 1105 3297 e.

244 3323 357 3368 ἄλσος
379 3325 466 3370 ἁλὸς
492 3326 622 3379 ῥυτῆς.
654 3330 692 3364 et
706 3328 778 3364 hoc
793 3326 992 3378 Sophoclis
1009 3327 1102 3365 Ant.

245 3389 325 3427 346
342 3419 353 3435 ‚
382 3389 447 3428 ubi
484 3392 580 3431 retia
626 3395 811 3432 vocantur
840 3399 996 3449 σπεῖραι
1027 3394 1108 3434 δικ-

246 3456 494 3507 τυόκλωστοι,
538 3459 576 3497 et
620 3459 722 3511 quod
749 3459 789 3498 in
819 3461 948 3499 eadem
980 3460 1109 3500 fabula

246 3535 304 3562 vs.
322 3523 400 3561 848
415 3523 555 3576 legitur
571 3528 674 3581 ἕρμα
689 3532 979 3581 τυμβόχωστον.
1012 3527 1107 3566 Pul-

248 3590 340 3629 chre
356 3590 508 3630 Helena
522 3593 684 3645 fingitur
711 3607 871 3648 sponsae
899 3595 970 3635 sub
986 3596 1109 3635 forma

1178 2104 1352 2156 Erinnys
1367 2105 1531 2145 intrasse
1545 2104 1585 2144 in
1601 2104 1757 2144 domum
1777 2105 1936 2144 Priami.
1954 2105 2051 2144 Imi-

1179 2174 1284 2212 tatus
1327 2173 1400 2212 hoc
1442 2175 1502 2214 est
1542 2172 1747 2225 Euripides
1784 2172 1907 2213 Andr.
1944 2174 2049 2221 102,

1180 2241 1282 2279 unde
1340 2243 1379 2280 et
1420 2240 1530 2280 latini
1572 2244 1708 2293 poetae
1752 2245 2050 2294 expresserunt:

1183 2307 1324 2361 Virgil.
1381 2310 1479 2348 Aen.
1527 2308 1598 2356 II,
1645 2310 1745 2355 5733
1789 2311 1899 2348 vetus
1940 2311 2054 2362 poeta

1182 2376 1285 2428 apud
1315 2375 1397 2415 Cic.
1422 2377 1468 2415 de
1498 2377 1586 2417 Div.
1615 2377 1662 2423 I,
1696 2377 1762 2415 50.

1239 2444 1333 2487 671.
1363 2451 1487 2498 μέγαν
1520 2447 1744 2486 τελεσθέντα
1772 2448 1891 2500 φωτὸς
1920 2445 2046 2499 ὄλβον,

1185 2511 1274 2551 Hoc
1304 2513 1463 2551 effatum
1502 2512 1578 2552 late
1615 2517 1750 2565 patens
1786 2525 1857 2565 pcr
1885 2513 2051 2553 Graeco-

1183 2591 1272 2618 rum
1299 2579 1569 2631 antiquitatem
1596 2580 1762 2619 maxime
1787 2581 2055 2632 frequentatur

1183 2646 1230 2686 ab
1283 2647 1482 2687 Herodoto
1537 2648 1578 2686 in
1620 2647 1805 2687 historiis.
1859 2649 1961 2688 Satis
2005 2649 2055 2688 sit

1184 2714 1319 2754 citasse
1348 2714 1535 2755 Artabani
1562 2715 1672 2755 illum
1702 2729 1916 2756 sermonem
1944 2716 2051 2765 VII,

1186 2783 1263 2830 10,
1297 2785 1343 2830 5,
1375 2782 1441 2822 ubi
1469 2783 1582 2836 plura
1608 2783 1854 2836 interpretes.
1883 2784 2052 2824 EGrae-

1186 2862 1323 2888 corum
1340 2850 1531 2890 sententia
1545 2851 1713 2903 expressi
1728 2854 1817 2890 sunt
1831 2850 2055 2903 pulcerrimi

1185 2929 1316 2957 versus
1343 2918 1500 2957 Horatii
1529 2918 1660 2958 Carm.
1677 2918 1746 2967 II,
1779 2919 1851 2959 1οι
1881 2919 2054 2959 Auream

1184 2984 1356 3036 quisquis
1391 2986 1698 3025 mediocritatem
1735 3009 1790 3015 —
1825 2988 1864 3026 et
1892 2987 2055 3039 Saepius

1183 3053 1309 3092 ventis
1355 3053 1533 3105 aqitatur
1566 3053 1704 3106 inqens
1743 3077 1799 3084 —-
1839 3058 2056 3097 τεκνοῦσθαι

1185 3120 1352 3159 medium
1389 3120 1511 3160 activo
1547 3133 1684 3169 sensu,
1709 3122 1780 3161 etsi
1803 3121 2052 3170 inusitatum,

1186 3187 1374 3239 Aeschylo
1401 3191 1532 3227 tamen
1561 3202 1638 3228 non
1667 3188 1970 3239 abjudicandum.

1243 3256 1335 3298 678.
1391 3258 1588 3303 καλλίπαις
1639 3263 1787 3311 πότμος
1844 3257 2055 3310 Aeschyleo

1186 3336 1293 3362 more
1319 3323 1420 3362 idem
1452 3329 1509 3363 est
1535 3338 1579 3363 ac
1594 3325 1706 3378 felix
1735 3331 1774 3365 et
1793 3328 1939 3379 pulcra
1962 3339 2052 3379 pro-

1187 3391 1266 3437 les,
1296 3390 1443 3443 tropico
1470 3391 1656 3431 nimirum
1681 3405 1815 3432 sensu:
1860 3412 1878 3427 ιι
1894 3393 1926 3432 Ε
1951 3393 2056 3445 justa

1189 3458 1300 3498 domo
1341 3457 1431 3498 felix
1475 3472 1626 3512 semper
1654 3459 1799 3500 soboles
1828 3460 2054 3508 succrescit,

1191 3529 1234 3566 ut
1262 3539 1307 3565 ex
1333 3526 1476 3578 injusta
1502 3526 1674 3566 infelix.”

1245 3594 1338 3637 679.
1369 3597 1466 3648 φιλεῖ
1495 3596 1534 3636 δὲ
1562 3597 1702 3638 τίκτειν
1719 3597 1830 3652 ὕβρις
1853 3599 1930 3638 κτὲ.
1962 3595 2053 3635 Pul-
