2306 3944
758 231 828 278 IN
861 226 1378 277 AGAMEMNONEM.
1865 225 1958 270 241

154 390 376 451 terpretes
424 384 562 432 verba
612 382 773 447 quovis
823 380 961 428 modo
1011 383 1225 444 torquere
1279 376 1431 425 conati
1476 378 1606 431 sunt;
1663 374 1960 421 Hermannus

156 469 419 534 nuperrime
454 484 638 516 versum
673 467 737 514 sic
773 465 1027 514 contraxit:

739 593 857 644 Ζεὺς
893 587 942 635 δὲ
978 590 1058 635 τὸν
1090 585 1274 645 ὀρθοδαῆ

611 673 702 717 *τῶν
737 667 962 728 Φθιμένων
996 668 1188 726 ἀνάγειν
1221 665 1441 714 ἕπκυσεν.

159 787 222 834 At
253 785 400 851 qualis
436 788 527 841 est,
563 799 756 848 quaeso,
790 783 878 829 ista
910 781 1155 830 verborum
1180 780 1428 841 junctura?
1487 779 1596 826 Non
1627 777 1772 840 magis
1805 792 1966 839 graece

159 869 247 917 hoc
291 884 453 915 sanum
499 871 568 913 est
611 882 749 930 quam
789 864 930 912 latine
975 864 1094 910 foret
1126 864 1297 910 hocce:
1348 863 1527 924 Jupiter
1570 865 1685 909 recte
1719 861 1914 908 edoctum
1946 875 1969 908 e

160 953 342 1002 mortuis
373 951 579 999 reducere
600 950 833 1011 prohibuit
867 965 900 996 s.
936 948 1149 996 dedocuit.
1217 946 1355 994 Unde
1390 946 1503 992 sciat
1538 946 1640 1008 quis
1677 950 1755 995 τὶν
1789 945 1969 1006 ὀρθοδαῆ

160 1037 249 1083 dici
297 1035 654 1097 Aesculapium?
722 1033 840 1094 Quis
891 1036 1046 1080 autem
1094 1039 1185 1082 τῶν
1232 1033 1458 1093 Φθιμένων·
1492 1032 1685 1093 ἀνάγειν
1729 1029 1850 1077 dicat
1884 1046 1968 1093 pro

160 1127 272 1177 τοῦς
305 1119 547 1180 Φθιμένονς
582 1116 636 1179 ἐξ
673 1113 785 1179 ᾅδου
821 1119 1044 1179 ἀνάγειν,
1087 1118 1279 1162 mortuos
1311 1131 1363 1162 ea·
1396 1115 1558 1177 inferis
1591 1114 1830 1178 reducere?
1895 1115 1969 1162 Ne

161 1201 318 1266 plura,
361 1199 586 1247 delendus
628 1203 697 1246 est
730 1199 808 1246 ille
841 1215 1000 1247 versus
1045 1203 1097 1246 ut
1140 1215 1323 1263 pannus
1365 1202 1536 1246 temere
1573 1200 1810 1246 contextui
1843 1198 1973 1246 addi-

161 1290 255 1344 tus,
291 1302 383 1351 quo
417 1285 593 1347 abjecto
627 1288 801 1332 restant
833 1285 945 1332 haec
978 1285 1138 1343 verba,
1186 1285 1356 1348 quibus
1401 1284 1458 1331 ad
1500 1284 1671 1346 justam
1709 1300 1973 1331 mensuram

162 1375 256 1420 tres
291 1371 491 1435 syllabae
528 1370 722 1418 desunt:

789 1492 892 1540 οὐδὲ
928 1495 1008 1540 τὶν
1044 1492 1223 1551 ὀρθοδάἧ

668 1579 756 1621 τῶν
791 1573 1015 1634 Φθιμένων
1051 1574 1241 1633 ἀνάγειν
1280 1602 1315 1612 v
1347 1599 1387 1603 -
1422 1599 1466 1606 —-

167 1687 216 1735 Si
249 1703 435 1735 sensum
468 1704 682 1752 quaeras,
717 1705 742 1735 e
790 1688 1018 1736 sententia
1063 1692 1107 1735 et
1140 1688 1291 1737 verbis
1324 1688 1459 1735 facile
1495 1689 1648 1751 colligi
1682 1693 1835 1753 potest
1866 1694 1973 1753 poe-

165 1775 260 1818 tam
294 1771 420 1818 idem
455 1771 606 1819 dicere
641 1772 764 1835 quod
796 1772 868 1819 his
902 1772 1051 1819 verbis
1084 1772 1334 1836 Euripides
1378 1772 1477 1820 Ale.
1518 1789 1582 1821 vs.
1618 1777 1742 1821 985:
1798 1775 1847 1824 ox'a
1882 1783 1971 1839 γὰρ

170 1855 362 1918 ἀνάξεις
410 1857 519 1906 ποτ’
554 1859 722 1918 ἔνερθεν
754 1863 926 1907 κλαίων
961 1865 1072 1916 τοὺς
1107 1859 1350 1919 Φθιμένους
1385 1862 1489 1909 ἄνω.
1555 1858 1680 1906 Hinc
1723 1860 1844 1907 clara
1879 1861 1975 1924 jam

169 1940 298 2002 patet
332 1937 617 1986 emendatio:

682 2061 821 2108 οὔτιν’
859 2061 993 2121 ἔνερθ’
1030 2058 1192 2110 Ἀΐδου

557 2145 647 2188 τῶν
681 2140 906 2201 Φθιμένων
938 2143 1128 2202 ἀνάγειν
1165 2144 1383 2193 ἀνυστόν.

167 2253 270 2301 Hoc
301 2254 439 2317 plane
471 2254 664 2318 quadrat
695 2256 986 2319 praegressis.
1043 2257 1187 2305 Modo
1219 2258 1363 2306 dixit:
1399 2262 1650 2323 sanquinem
1671 2265 1800 2310 seruet
1810 2267 1974 2327 prosu-

167 2354 261 2386 sum
293 2337 356 2399 (h.
386 2355 424 2386 e.
460 2355 628 2387 caesum
653 2341 879 2402 homiuem)
908 2342 1004 2404 quis
1035 2343 1298 2391 incantando
1321 2345 1369 2392 iu
1391 2347 1527 2393 vitam
1550 2346 1752 2394 revocet?
1801 2348 1973 2396 Addit:

170 2427 438 2471 mortuorum
463 2440 713 2486 quemquam
737 2440 789 2471 ecc
821 2425 983 2487 inferis
1009 2427 1215 2474 reducere
1239 2429 1400 2475 nemini
1419 2431 1612 2493 coutiqit.
1647 2431 1826 2479 Erroris
1850 2434 1977 2496 origo

173 2511 330 2572 aperta
371 2511 466 2555 est:
521 2523 625 2554 cum
657 2508 1028 2573 frequentissima
1063 2511 1122 2558 sit
1157 2513 1367 2560 confusio
1401 2515 1683 2576 pernominis
1721 2537 1795 2575 τις
1831 2522 1876 2564 et
1910 2535 1978 2565 ar-

170 2593 323 2650 ticuli,
369 2593 480 2640 item
527 2592 765 2641 literarum
819 2608 846 2650 ε
889 2600 1029 2653 eto,
1074 2597 1288 2645 facillime
1332 2602 1584 2661 ενερᾶάιδου
1635 2602 1791 2663 (ἔνερθ’
1827 2603 1978 2663 ἀΐδου)

172 2677 222 2724 in
255 2678 566 2738 (v)ovopOoBccn
601 2678 725 2725 abire
764 2680 930 2742 potuit.
985 2681 1318 2743 Explicationis
1353 2685 1498 2745 gratia
1538 2686 1780 2747 graeculus
1814 2687 1980 2752 aliquis

173 2759 441 2823 adscripsit:
483 2768 602 2820 Ζεῦς
630 2763 721 2825 γὰρ
748 2765 863 2813 αὐτό
888 2765 1088 2815 ἔπαυσεν
1121 2768 1197 2815 ἐπ’
1227 2768 1491 2830 εὐλαβείᾳ,
1533 2771 1714 2832 quJiter
1757 2774 1836 2820 hoc
1870 2791 1981 2836 pro-

174 2845 315 2892 hibuit
342 2846 521 2892 cavendi
548 2848 721 2908 qratia,
758 2847 884 2912 quod
919 2848 1084 2896 deinde
1118 2850 1167 2896 in
1198 2854 1379 2898 textum
1410 2852 1607 2916 irrepsit.
1660 2855 1874 2905 Ceterum
1895 2876 1980 2922 pro

176 2931 370 2979 ἀνυστὸν
413 2929 452 2976 si
493 2930 596 2995 qnis
639 2932 855 2995 supplere
901 2933 1030 2980 malit
1064 2935 1249 2985 δύναιτ’
1282 2935 1338 2985 ἀν
1374 2937 1446 2983 vel
1484 2941 1724 3002 θεμιστὸν,
1762 2942 1878 2989 nihil
1909 2944 1977 2991 in-

174 3017 337 3070 terest3
389 3012 472 3061 sed
513 3016 710 3066 ἀνυστδν
738 3017 977 3079 praetuli,
1035 3018 1143 3081 quia
1185 3019 1272 3066 hoc
1316 3021 1496 3069 facilius
1531 3039 1798 3086 praegresso
1840 3029 1979 3077 verbo

179 3099 369 3161 ἀνάγειν
402 3099 459 3146 ob
495 3098 842 3149 similitudinem
877 3102 1110 3150 obliterari
1142 3104 1306 3167 potuit.

245 3229 508 3294 Sequuntur
543 3232 760 3297 deinceps
794 3235 988 3282 haecce:

999 3355 1148 3400 στροΦῆ·

246 3411 323 3460 Vs.
359 3415 467 3463 911.
750 3424 830 3468 καὶ
866 3424 919 3469 τὸ
956 3428 1039 3475 μὲν
1076 3426 1156 3480 πρὸ
1191 3421 1448 3483 χρημάτων

752 3510 952 3559 κτησίων
985 3505 1112 3563 ’όκνος
1148 3508 1311 3565 βάλῶν

754 3586 1008 3647 σφενδόναις
1044 3589 1127 3635 ἀπ’
1164 3588 1413 3648 εὐμέτρου,

755 3668 832 3716 οὐκ
867 3669 945 3717 ’έδυ
981 3669 1157 3730 πρόπας
1192 3670 1328 3729 δόμος

1736 3760 1792 3803 31
