2340 3958
355 200 421 249 82
1084 203 1428 249 ΑΙΣΧΥΛΟΥ

719 362 867 415 πνέων
904 360 1108 429 ἐςοέξειν,
1149 361 1264 421 ῶςτε
1308 362 1524 425 κύματος
1566 362 1693 423 δίκην

722 470 908 536 κλύζειν
946 471 1059 537 πρὸς
1098 470 1232 534 οέγοὶς
1271 471 1405 524 τοῦδε
1443 471 1671 536 πήματος
1712 471 1863 528 πολὺς

718 582 924 648 χειμών·
963 582 1183 650 φρενώσω
1217 582 1256 634 δ’
1293 581 1445 635 οὐκέτ’
1484 581 1538 644 ἐξ
1576 580 1887 646 αἰνιγμάτων.

717 692 798 744 καὶ
835 697 1122 758 μαρτυρεῖτε
1159 690 1422 758 ξυνδρόμως
1462 691 1592 758 ἴχνος
1632 697 1788 745 κακῶν

350 804 490 855 1075

714 801 1022 868 ῥινηλατούση
1064 805 1155 854 τῶν
1194 801 1354 854 παλαι
1393 802 1762 868 πεπραγμένων.
2051 820 2154 858 1185

716 912 802 973 την
840 911 937 978 γαρ
976 912 1155 974 στέγην
1193 912 1319 974 τήνδ’
1359 913 1521 965 οὔποτ’
1559 912 1767 964 ἐκλείπει
1806 912 1944 977 χορὸς

720 1020 1050 1088 δύςφθογγος,
1090 1023 1173 1074 οὐκ
1210 1021 1448 1090 εὔφωνος·
1489 1025 1540 1075 οὐ
1579 1022 1676 1088 γαρ
1716 1020 1768 1075 εὖ
1804 1023 1957 1085 λέγει.

721 1128 806 1182 καὶ
842 1131 937 1195 μην
975 1130 1207 1189 πεπωκώς
1245 1131 1296 1194 γ’
1334 1133 1394 1190 ῶς
1433 1132 1738 1195 θρασύνεσθαι
1778 1131 1923 1183 πλέον

715 1238 924 1304 βρότειον
962 1235 1117 1303 αἷμα,
1156 1243 1312 1303 κῶμος
1350 1241 1397 1291 ἐν
1435 1239 1591 1302 δόμοις
1629 1242 1757 1304 μένει

346 1351 488 1402 1080

717 1349 1024 1412 δύςπεμπτος
1064 1347 1152 1411 ἔξω
1190 1347 1436 1412 ξυγγόνων
1474 1350 1706 1413 Ἐρινύων.
2054 1364 2156 1404 1190

714 1459 907 1522 ὑμνοῦσι
938 1457 976 1510 δ’
1016 1457 1156 1522 ὕμνον
1193 1458 1404 1523 δώμασιν
1442 1461 1726 1525 προςημεναι

720 1569 1004 1635 πρώταρχον
1044 1567 1187 1633 ἄτην,
1227 1570 1275 1621 ἐν
1313 1571 1441 1636 μέρει
1474 1569 1514 1621 δ’
1552 1570 1864 1632 ἀπέπτυσαν,

718 1680 857 1738 εὐνας
895 1679 1112 1748 ἀδελφοῦ
1150 1681 1216 1746 τῷ
1255 1685 1488 1732 πατοῦντι
1528 1680 1780 1744 δυςμενεῖς.

721 1787 929 1855 ἥμαρτον
968 1789 995 1851 ἢ
1034 1791 1146 1856 θηρῶ
1185 1810 1230 1842 τι
1268 1787 1465 1852 τοξότης
1503 1809 1575 1847 τις
1614 1787 1699 1852 ῶς;

348 1994 400 2034 V.
431 1995 552 2037 1071.
580 2000 615 2042 ἐς
644 1996 745 2043 ἥξει-,ι
770 1994 828 2034 vel
856 1997 1006 2043 ἐςήξειν.

1076 1994 1196 2038 1072.
1228 1995 1347 2038 1073.
1378 1995 1491 2036 κλύειν
1517 1998 1612 2051 πρὸς
1642 1996 1758 2047 αὐγὰς
1786 1995 1894 2036 τοῦδε
1929 2001 2028 2046 πήμ.
2061 1995 2154 2035 πολὺ

399 2074 542 2120 μεῖζον.
602 2069 723 2111 1077.
754 2069 960 2124 σύμςοογγος
986 2067 1047 2108 vel
1075 2070 1318 2125 σὺμφθογγος.
1382 2070 1498 2107 1084.
1528 2076 1643 2124 τηρῶ.

347 2238 423 2279 Od.
449 2256 494 2292 ε,
523 2240 600 2279 295
615 2271 626 2287 ,
642 2240 838 2288 nominat,
854 2239 1070 2280 dividebant
1083 2240 1123 2279 in
1138 2239 1211 2279 duo

346 2319 509 2359 genera,
547 2320 615 2359 np.
655 2319 716 2346 eos
754 2307 819 2359 qui
848 2306 894 2346 ab
923 2320 1055 2347 occasu
1083 2310 1120 2346 et
1148 2320 1211 2346 eos

345 2374 411 2425 qui
448 2373 496 2413 ab
523 2377 611 2414 ortu
636 2375 794 2414 flarent:
838 2375 885 2414 ad
913 2375 981 2414 hos
1009 2387 1143 2414 eurum
1172 2376 1210 2414 et

343 2444 504 2488 notum,
547 2443 594 2482 ad
629 2443 713 2482 illos
752 2442 906 2482 boream
933 2446 971 2482 et
997 2443 1209 2495 zephyrum

343 2509 574 2549 referebant.
633 2511 721 2550 Vid.
748 2511 910 2550 Aristot.
942 2511 1107 2550 Meteor.
1137 2510 1206 2557 II,

346 2577 386 2615 6.
415 2577 459 2617 Τ.
494 2578 530 2618 Ι.
560 2591 601 2630 p.
618 2579 697 2617 264
726 2579 774 2617 A.
805 2577 928 2617 Bekk.
983 2576 1120 2629 Itaque
1147 2577 1207 2617 in-

343 2643 531 2697 telligitur
571 2645 634 2684 hic
674 2646 832 2698 zephyri
868 2644 929 2684 vel
955 2645 1090 2685 boreae
1119 2658 1208 2698 pro-

345 2711 438 2752 cella
453 2743 463 2760 ,
512 2725 605 2764 quos
655 2713 785 2753 ambos
825 2715 958 2753 ventos
1012 2713 1210 2765 conjungit

346 2780 568 2828 Homerus,
599 2778 651 2820 11.
681 2797 715 2832 ι,
748 2783 798 2827 5,
829 2785 867 2820 et
895 2781 971 2820 Od.
999 2796 1042 2832 ε,
1074 2781 1177 2820 2952

772 2854 927 2904 ζέφυρός
952 2864 996 2889 τε
1023 2849 1152 2896 δυςαὴς

401 2919 463 2958 καὶ
489 2922 630 2972 βορέης
658 2920 941 2972 αἰθρηγενέτης,
979 2922 1083 2970 μέγα
1107 2920 1209 2969 κῦμα

562 2985 740 3026 κυλίνδων.

346 3053 521 3106 λαμπρὸς
544 3057 643 3092 πνεῖν
662 3052 708 3091 de
728 3051 1010 3091 vehementiore
1036 3052 1128 3091 flatu
1148 3051 1205 3090 di-

346 3118 381 3156 ei
391 3148 403 3165 ,
422 3119 570 3158 monuit
578 3119 659 3170 jam
670 3118 811 3159 Blomf.
830 3120 998 3170 κλύζειν,
1009 3119 1108 3171 quod
1119 3132 1206 3158 cum

347 3185 564 3237 compositis
586 3187 686 3238 apud
700 3187 846 3226 Atticos
860 3187 1016 3234 luendi,
1046 3187 1207 3226 lavandi

345 3251 659 3304 significationem
682 3252 818 3301 habet,
842 3253 904 3293 hie
919 3254 964 3293 de
968 3254 1206 3308 fluctuanti-

348 3321 416 3359 bus
437 3319 547 3358 undis
562 3319 703 3359 dictum
719 3323 775 3360 est
786 3321 1062 3373 respondetque
1075 3323 1206 3361 nostro

297 3389 316 3414 Ἃ
344 3400 384 3426 v.
402 3387 554 3426 klotzen
568 3405 580 3426 .·
609 3400 684 3438 quo
701 3401 812 3427 sensu
839 3392 998 3440 usurpat
1012 3389 1206 3428 Homerus

346 3452 400 3493 Il.
421 3457 470 3508 ψ,
501 3455 577 3493 61:
609 3454 747 3507 κύματ’
776 3455 836 3495 ἐπ’
854 3460 970 3502 ἠῖονος
997 3457 1202 3507 κλύζεσκον.

347 3523 396 3570 ξ,
427 3521 531 3561 392:
561 3523 714 3569 ἐκλύσθη
742 3523 781 3562 δὲ
812 3525 983 3564 θάλασσα
1010 3527 1098 3565 ποτὶ
1126 3526 1206 3565 κλι-

349 3591 432 3635 σίας
451 3605 493 3630 τε
514 3595 597 3636 νέας
623 3606 682 3632 τε.
713 3590 892 3630 Ceterum
921 3593 971 3630 cf.
988 3592 1203 3630 Comment-

1348 2239 1468 2281 1076.
1515 2236 1639 2280 οὔποτ’
1682 2239 1840 2278 ἐκλείπει
1882 2243 2008 2293 χόρος.
2077 2236 2153 2276 His

1290 2306 1400 2346 dietis
1443 2311 1478 2345 et
1512 2319 1607 2358 quae
1642 2305 1816 2358 deinceps
1843 2309 2054 2357 sequuntur
2079 2314 2154 2346 κῶ-

1290 2391 1362 2428 μος
1390 2379 1425 2414 ἐν
1453 2375 1579 2427 δόμοις
1603 2380 1730 2426 μένει,
1760 2373 1961 2426 respicitur
1981 2373 2028 2412 ad
2048 2386 2151 2412 com·

1291 2442 1528 2482 missantium
1557 2446 1707 2488 coetus,
1737 2441 1802 2493 qui
1830 2440 1922 2480 ebrii
1953 2444 2040 2494 post
2066 2454 2150 2480 eoe-

1289 2523 1378 2550 nam
1420 2510 1523 2549 exire
1577 2513 1616 2549 et
1670 2511 1846 2548 canentes
1888 2521 1958 2562 per
2011 2508 2155 2562 plateas

1289 2590 1466 2624 currere,
1493 2577 1685 2616 interdum
1711 2576 1825 2615 etiam
1852 2576 1982 2616 domos
2008 2576 2155 2616 intrare

1287 2645 1414 2697 ibique
1456 2644 1673 2697 pernoctari
1709 2643 1892 2683 solebant.
1949 2645 2154 2684 Furiarum

1288 2723 1415 2752 autem
1445 2713 1582 2750 chorus
1605 2710 1730 2750 ebrius
1767 2714 1824 2749 est
1851 2724 1928 2750 non
1952 2711 2062 2757 vino,
2091 2711 2154 2750 sed

1289 2779 1470 2831 sanguine
1504 2779 1694 2825 humano,
1725 2782 1906 2825 πεπωκὼς
1930 2778 2030 2831 αἷμα
2053 2784 2154 2836 βρό-

1288 2863 1398 2889 τειον.
1437 2848 1600 2900 σύγγονοι
1628 2846 1806 2886 dicuntur
1834 2860 1902 2899 np.
1932 2847 2155 2886 Atridarum

1288 2915 1441 2962 domui,
1465 2915 1513 2954 ob
1543 2913 1746 2953 domestica
1776 2913 1916 2953 seelera
1944 2916 1982 2953 et
2010 2913 2127 2955 diras.

1345 2983 1468 3022 1082.
1497 2989 1730 3038 πρώταρχον
1767 2986 1864 3028 ἄτην
1899 2981 2011 3028 dicit,
2054 2983 2155 3034 quod

1286 3050 1458 3103 proxima
1486 3050 1600 3089 verba
1620 3050 1815 3096 indicant,
1846 3051 1949 3095 εὐνὰς
1965 3050 2150 3104 ἀδελφοῦ,

1285 3131 1423 3171 nempe
1457 3118 1684 3157 adulterium
1713 3117 1900 3168 Thyestae
1932 3130 2019 3156 cum
2045 3118 2154 3157 Atrei

1286 3197 1426 3232 uxore,
1469 3185 1568 3223 unde
1607 3184 1689 3223 nati
1734 3183 1844 3223 liberi
1890 3197 1983 3236 quos
2023 3188 2154 3238 postea

1286 3252 1388 3306 patri
1414 3251 1618 3305 epulandos
1645 3251 1820 3304 apposnit
1845 3254 1997 3292 Atreus.
2042 3252 2153 3292 Inter

1285 3319 1494 3360 canendum
1511 3319 1648 3358 Furiae
1669 3323 1704 3360 ἐν
1721 3326 1855 3376 μέρει,
1883 3321 2020 3359 ordine
2034 3333 2064 3359 s.
2080 3320 2153 3359 alia

1284 3390 1370 3441 post
1398 3387 1534 3434 aliam,
1572 3386 1785 3439 despuunt3
1833 3401 1906 3439 quo
1937 3387 2152 3438 significant

1284 3468 1324 3495 se
1352 3467 1432 3495 esse
1456 3455 1638 3507 δυςμενεῖς
1654 3463 1708 3508 τῷ
1723 3459 1902 3496 πατοῦντι
1923 3457 2025 3501 εὐνὰς
2038 3456 2152 3496 ἀδελ-

1285 3527 1377 3578 φοῦ,
1420 3523 1460 3562 h.
1491 3535 1526 3562 e.
1565 3521 1752 3561 adultero.
1805 3523 1938 3563 Minus
1959 3525 2060 3563 recte
2087 3522 2151 3562 alii

1279 3590 1453 3644 jungunt
1478 3595 1700 3632 ἀπέπτυσαν
1729 3592 1846 3637 εὐνάς.
