2340 3958
802 179 870 228 IN
904 181 1422 231 AGAMEMNONEM.
1852 145 1855 149 ’
1923 177 2014 222 133

211 332 333 381 Male
373 331 632 395 junguntur
680 333 817 380 verba
870 338 1048 385 τούτων
1076 332 1268 394 λεξάσα
1295 359 1353 366 —
1388 334 1535 381 malm
1571 350 1624 380 τε
1653 331 1809 391 γενοῦ.
1879 325 2021 387 Quod

212 418 336 466 enim
357 418 653 464 Hermannus
687 417 822 465 docet
854 417 1080 481 particula
1102 437 1158 467 τε
1183 415 1415 463 interdum
1448 412 1765 478 participium,
1798 414 2022 474 tanquam

212 504 251 550 si
284 503 475 551 verbum
524 506 701 549 rectum
741 507 862 550 esset
877 539 890 559 ,
931 518 1036 548 cum
1075 501 1217 548 altero
1257 501 1396 548 verbo
1441 498 1647 563 copulari
1663 535 1675 555 ‚
1727 495 1776 543 id
1814 493 2021 556 argutius

211 603 349 650 quam
382 585 532 634 verius
565 585 932 633 animadversum
965 589 1062 641 est,
1097 588 1312 647 recteque
1359 584 1402 630 ei
1438 584 1753 648 obloquuntur
1789 578 2023 626 Blomfiel-

212 671 318 718 dius
341 674 386 718 et
418 669 720 731 Hartungius.
787 669 908 716 Nam
942 684 1060 732 quae
1101 671 1147 714 et
1173 668 1274 731 ipse
1312 671 1358 714 et
1384 667 1569 714 Paleius
1604 666 1664 714 ad
1697 666 1741 713 h.
1759 666 1789 713 l.
1825 664 2023 711 afferunt

211 755 308 817 ejus
342 754 522 817 generis
556 754 789 817 exempla,
842 769 893 800 ea
929 753 969 799 si
1003 752 1261 799 accuratius
1295 756 1499 815 spectes,
1551 753 1625 799 vel
1659 749 1900 798 dissimilia
1948 749 2022 796 vel

210 843 424 902 corrupta
456 853 555 884 esse
578 837 830 898 agnoveris.
882 836 1037 898 Quare
1068 835 1316 898 legendum
1339 836 1414 882 vel
1437 834 1610 896 λέξαις
1624 875 1637 893 ,
1663 840 1716 882 ut
1739 835 1883 883 edidit
1904 835 2023 882 Har·

208 922 422 983 tungius,
456 921 530 969 vel
565 919 707 982 λέξον
734 919 798 983 γ’.
861 919 1044 967 Deinde
1095 919 1287 966 offendit
1320 919 1438 966 illud
1474 922 1635 981 ἔιγεινίι
1668 922 1868 984 (ἂγεινῆ)
1904 921 2020 982 <bxi-

209 1026 346 1058 νουσοι
360 1042 375 1062 ,
410 1003 536 1069 quod
569 1004 649 1068 qui
677 1007 866 1051 tuentur
887 1005 1121 1067 Φαίνουσοι
1145 1004 1218 1051 vel
1240 1003 1529 1051 intransitive
1555 1003 1732 1051 dictum
1753 1005 1916 1051 volunt
1936 1020 2022 1068 pro

205 1090 436 1151 Φανεῖοτι,
479 1090 596 1135 laeta
634 1104 863 1151 apparens,
898 1089 972 1135 vel
1005 1105 1088 1150 per
1123 1087 1306 1150 ellipsin
1343 1087 1392 1135 in
1427 1088 1626 1135 eundem
1661 1105 1850 1136 sensum
1879 1088 2024 1152 expli-

209 1177 333 1230 cant,
361 1176 582 1237 tanquam
610 1172 841 1234 Φαίνουσοι
861 1174 1016 1234 ἀγανὴ
1036 1171 1150 1222 οῧσει
1170 1189 1203 1219 ε.
1220 1173 1455 1234 φκῖνουσοι
1475 1173 1646 1228 ἑωυτὴν
1663 1174 1842 1234 ἀγκνῆν
1861 1171 2021 1223 οὖσαν.

206 1257 437 1305 Neutrum
457 1256 644 1319 linguae
667 1272 757 1303 usu
777 1255 963 1319 probari
985 1259 1150 1319 potest.
1196 1255 1338 1302 Verbi
1354 1254 1538 1317 Φειὶνειν
1560 1271 1700 1302 sensu
1717 1255 2022 1312 intransitivo,

207 1341 246 1389 si
279 1345 490 1389 accurate
525 1341 783 1404 expendas,
818 1340 1008 1387 unicum
1043 1357 1091 1387 se
1128 1341 1260 1387 offert
1295 1340 1561 1403 exemplum
1583 1340 1744 1387 hocin
1766 1340 1927 1403 Eurip.
1950 1340 2022 1387 El.

206 1428 444 1473 vs.1231:
480 1424 601 1477 ἀλλ’
623 1426 711 1476 οἵδε
745 1427 891 1487 δόμων
926 1428 1037 1487 ὑπὲρ
1074 1427 1348 1487 ἀκροτάτων
1382 1425 1600 1486 Φειὶνουσι
1637 1431 1762 1483 τινὲς
1786 1425 2021 1486 Ball-eoves,

207 1526 292 1574 pro
341 1525 433 1574 quo
482 1509 606 1557 haud
657 1509 751 1556 scio
802 1525 861 1556 an
904 1508 1154 1570 legendum
1205 1508 1264 1555 sit
1316 1511 1542 1570 βαίνουσι.
1622 1507 1770 1555 Alteri
1822 1507 2023 1572 explica-

206 1593 324 1641 tioni
355 1593 618 1657 probandae
652 1593 764 1640 item
815 1609 961 1640 unum
996 1593 1183 1640 affertur
1217 1593 1484 1656 exemplum
1516 1593 1605 1640 hoo
1639 1592 1879 1656 Sophoclis
1912 1592 2022 1639 Ant.

209 1681 335 1725 469:
385 1679 525 1735 δηλοῖ
572 1681 626 1728 τῦ
674 1677 861 1740 γέννημ’
897 1679 1016 1737 ὧμὸν
1064 1677 1120 1739 ἐξ
1159 1680 1284 1738 ὠμοῦ
1318 1682 1498 1739 πατρὶς
1533 1681 1616 1736 ’τῆς
1651 1679 1843 1736 παιδός,
1895 1676 2024 1741 quod

209 1765 279 1809 est
325 1760 450 1808 idem
501 1764 639 1823 atque
689 1761 832 1817 δηλοῖ
872 1760 1015 1810 ἔσοιντο
1068 1762 1187 1821 ὦμον
1233 1762 1299 1810 ’όν.
1365 1760 1456 1807 Sed
1489 1760 1618 1824 quod
1652 1761 1876 1809 sermonis
1909 1777 2024 1809 usus

207 1846 296 1894 fert
342 1845 392 1892 in
424 1846 625 1903 δηλοῦν,
677 1859 772 1891 11011
815 1843 922 1891 ideo
956 1844 1193 1891 transferri
1226 1848 1378 1908 potest
1412 1845 1462 1892 in
1495 1862 1536 1894 ν.
1572 1846 1781 1908 Φκίνειν,
1819 1850 1864 1893 et
1898 1845 2024 1910 quod

206 1931 329 1979 valet
362 1929 420 1977 de
453 1928 615 1985 verbo,
645 1927 855 1975 nondum
889 1928 1010 1975 valet
1043 1928 1100 1975 de
1134 1928 1391 1992 participio.
1462 1929 1830 1978 Constructionis
1865 1932 2019 1994 ἀγανὴ

208 2015 440 2077 Φωίνουσαι
488 2012 724 2075 geminum
769 2013 1035 2076 exemplum
1067 2013 1259 2071 frustra,
1311 2014 1496 2077 opinor,
1550 2032 1757 2078 quaeras.
1827 2014 2023 2062 Codices

208 2098 275 2145 nil
302 2098 478 2160 juvant.
544 2096 693 2144 Acute
743 2097 1000 2144 Ahrensius
1051 2098 1248 2160 conjecit
1300 2101 1454 2149 Θυσιῶν
1487 2100 1543 2158 ἃς
1580 2101 1887 2162 ἀνειΦειῖνειςς
1939 2100 2022 2147 sed

206 2182 344 2244 longe
394 2181 741 2245 anteponenda,
790 2198 865 2229 me
893 2181 1076 2242 judice,
1130 2182 1393 2230 emendatio
1433 2183 1615 2230 Butleri
1649 2188 1834 2247 recepta
1866 2185 2023 2232 Blom-

207 2266 387 2323 fieldio,
421 2267 583 2329 ἀγκνὶι
625 2265 831 2316 σαίνουσ’
865 2267 1026 2325 ἐλπίς.
1093 2267 1168 2314 Sic
1204 2267 1407 2331 Choeph.
1444 2270 1570 2315 194:
1606 2273 1823 2329 σκίνομοιι
1867 2268 1907 2318 δ’
1942 2269 2020 2319 ὑπ’

211 2351 421 2408 ἐλπίδος.
487 2349 657 2396 Similis
701 2351 839 2414 plane
877 2351 1098 2411 junctura
1145 2356 1214 2399 est
1254 2354 1379 2400 Pers.
1416 2354 1475 2402 97
1514 2354 1736 2417 (Herm.):
1772 2355 2021 2418 φιλόφρων

206 2439 299 2496 γὰρ
335 2439 698 2485 ποτισοιίνουσοι.
718 2469 730 2481 .
750 2471 763 2484 .
798 2441 1004 2498 παράγει
1040 2439 1203 2498 βροτὸν
1237 2439 1356 2490 ἄπο.

271 2517 330 2566 Ι11
379 2517 542 2565 ultimo
591 2535 727 2566 versu
776 2523 1068 2566 monstruosa
1099 2520 1237 2583 plane
1273 2525 1343 2568 est
1376 2520 1599 2568 librorum
1634 2522 1785 2570 lectio.
1855 2523 2021 2571 Variae

206 2607 316 2651 sunt
362 2603 665 2666 interpretum
715 2604 1002 2666 conjecturae
1015 2642 1027 2662 ,
1079 2622 1104 2652 e
1148 2606 1320 2670 quibus
1353 2607 1607 2654 multorum
1642 2624 1882 2655 assensum
1915 2608 2023 2655 tulit

207 2704 261 2734 ea
294 2704 433 2751 quam
454 2688 756 2736 Blomfieldus
792 2694 837 2737 et
861 2690 1104 2738 Schiitzius
1135 2692 1283 2739 secuti
1307 2696 1439 2749 sunt,
1475 2699 1560 2748 τῆν
1597 2696 1840 2755 θυμοβόρον
1873 2693 2022 2755 Φρένοι

207 2774 387 2829 λύπην,
430 2775 484 2819 ut
515 2772 664 2833 Φρένοι
711 2772 770 2819 sit
803 2774 1091 2822 accusativus
1136 2775 1346 2838 pendens
1388 2793 1415 2823 a
1450 2778 1726 2839 θυμοβόροςι
1775 2777 2020 2840 Θυμοβόρος

205 2855 354 2916 Φρένει
384 2871 468 2918 pro
502 2857 686 2919 φρενός.
748 2856 880 2920 Quae
917 2858 1178 2906 emendatio
1211 2876 1495 2924 quamquam
1529 2861 1668 2909 etiam
1701 2862 1751 2909 in
1784 2863 1928 2910 libros
1964 2862 2022 2909 de

208 2942 304 2985 arte
337 2940 632 3001 grammatica
663 2928 850 3005 recepta
891 2947 984 3000 est,
1020 2959 1091 2991 ex.
1127 2960 1192 3006 gr.
1227 2944 1392 2992 Matth.
1430 2945 1507 2992 Gr.
1545 2945 1622 2993 Gr.
1659 2947 1678 3007 ξ
1714 2949 1832 3003 422;
1866 2947 2021 2994 Ki'ihn.

207 3023 229 3082 ᾗ
266 3024 383 3080 553,
419 3025 554 3072 anim.
591 3028 645 3083 5,
679 3026 871 3074 ferenda
903 3031 1059 3075 tamen
1094 3044 1188 3075 non
1233 3033 1315 3077 est.
1382 3029 1505 3076 Nam
1539 3030 1578 3076 si
1611 3031 1868 3095 Aeschylus
1905 3031 2024 3078 dixit

210 3111 332 3166 χοᾶς
365 3112 635 3171 προπομπὸς
670 3110 894 3174 (Choeph.
917 3128 982 3159 vs.
1005 3114 1110 3175 23),
1134 3117 1274 3174 μυρίαι
1306 3120 1604 3175 orem-xor&
1640 3115 1783 3176 (Pers.
1806 3133 1870 3164 νε.
1892 3119 2023 3179 981),

210 3189 361 3250 ἄποροι
407 3194 595 3253 πόριμος
635 3194 804 3255 (Prom.
837 3212 902 3244 VS.
940 3199 1080 3258 904),
1116 3212 1212 3243 non
1244 3196 1349 3244 ideo
1383 3198 1631 3247 obtrudere
1666 3200 1709 3247 ei
1742 3200 1852 3248 licet
1885 3203 2022 3263 θυμο-

214 3273 343 3332 βόρος
391 3275 567 3336 Φρένκ,
623 3279 672 3326 in
723 3297 815 3344 quo
867 3281 1007 3328 etiam
1057 3281 1309 3343 languidus
1360 3287 1431 3330 est
1479 3285 1789 3348 pleonasmus.
1857 3285 2023 3349 Qualis

214 3360 368 3404 autem
399 3364 468 3407 est
499 3361 588 3410 ista
619 3365 864 3413 verborum
899 3367 1180 3414 constructio
1216 3371 1456 3430 Θομοβόρον
1491 3370 1639 3432 Φρένοι
1673 3372 1861 3427 λῦπηνὲ)
1894 3370 2018 3436 quod

213 3441 415 3503 profecto
447 3462 541 3494 non
573 3450 718 3512 magis
751 3467 912 3512 graece
948 3452 1189 3500 ferendum
1224 3470 1363 3517 quam
1393 3454 1431 3501 si
1460 3455 1602 3503 latine
1626 3456 1802 3504 diceres
1824 3472 2022 3504 voracem

214 3526 404 3573 animum
437 3529 623 3579 dolorem
654 3551 739 3597 pro
773 3538 911 3584 animi
945 3554 978 3584 5.
1016 3538 1160 3584 cordis
1195 3554 1402 3586 voracem.
1449 3540 1693 3589 Praetereo
1717 3545 1890 3589 ceteras
1915 3556 2020 3588 con-

207 3608 429 3670 jecturas,
464 3629 656 3676 quarum
700 3620 827 3667 nulla
869 3621 1119 3685 proba-bilis
1163 3627 1255 3681 est,
1293 3623 1480 3673 minime
1516 3626 1722 3675 omnium
1757 3627 1870 3674 haec
1904 3624 2021 3673 Her-
