2306 3944
812 286 881 332 IN
913 288 1431 342 AGAMEMNONEM.
1929 284 2022 331 203

223 432 349 491 dius,
382 439 578 496 χειμῶνι
612 433 748 496 τυφῷ
767 466 781 486 ‚
808 432 913 494 jure
947 438 1005 484 ob
1029 439 1079 486 id
1111 442 1419 505 reprehensus
1443 439 1499 487 ab
1522 438 1791 486 Hermanno
1800 455 1813 492 3
1849 432 1933 480 sed
1954 434 2029 480 vel

221 517 286 565 sic
306 517 544 580 jungenda
577 520 703 565 sunt:
738 526 940 579 χειμῶνι
974 519 1060 581 ξῦν
1093 525 1227 585 τυφῷ
1264 529 1390 589 ζάλῃ
1425 545 1505 583 τε,
1540 524 1789 584 tempestat-e
1814 535 1908 567 cum
1931 521 2028 564 tm·-

221 601 318 648 bine
350 605 393 648 et
424 602 561 648 imbre
582 603 760 664 jamim
803 600 878 648 vel
903 600 988 648 sic:
1029 614 1254 666 χειμῶνι,
1290 609 1456 669 τυφῷ,
1496 607 1583 671 ξῦν
1617 610 1743 671 ζάλῃ
1781 604 1825 654 τ’
1859 604 2027 664 ὀμβρο-

219 688 405 747 κτύπῳ,
440 689 492 733 ut
521 683 608 746 ξῦν
641 684 843 734 adverbii
865 684 966 731 loco
989 684 1232 744 habeatur,
1255 693 1309 734 ut
1341 690 1525 753 saepius
1558 690 1629 746 fit,
1662 687 1791 735 velut
1821 702 1887 734 vs.
1914 686 2030 730 586:

220 766 307 828 ξῦν
353 770 405 819 δὲ
452 773 724 835 πλουτίζειν
770 771 885 830 ἒμέε
919 770 1066 816 venati
1105 774 1376 831 tempestate,
1409 775 1604 830 turbine,
1639 773 1849 835 simulque
1879 768 2029 815 imbre.

219 849 350 897 Prior
371 851 488 899 ratio
510 853 701 916 probata
724 853 949 911 Schiitzio,
972 853 1207 911 Dobraeo,
1230 854 1513 919 Haitungio,
1538 858 1659 914 aliis,
1684 855 1791 903 ideo
1809 853 2035 917 praestat,

219 933 329 997 quia
375 935 517 983 trium
560 937 745 986 illorum
782 937 1022 985 nominum
1066 937 1278 999 generale
1319 943 1388 985 est
1422 941 1599 1002 χειμών
1614 974 1629 994 ,
1663 939 1738 986 cui
1766 938 2028 999 junguntur

220 1018 438 1082 specialia
488 1022 649 1083 τυφὼς
697 1024 742 1068 et
790 1024 933 1085 ζάλῃ.
1002 1023 1150 1086 Saepe
1180 1015 1357 1069 'autem
1405 1023 1662 1086 Aeschylus
1707 1023 1772 1070 ita
1804 1019 2029 1069 vocabula

213 1102 369 1165 jungit
415 1120 499 1167 per
546 1105 934 1169 praepositionem
985 1110 1094 1164 σύν,
1144 1110 1198 1153 ut
1241 1106 1291 1153 in
1331 1106 1418 1154 hac
1449 1106 1689 1169 tragoedia
1720 1123 1786 1155 vs.
1823 1107 1949 1152 1221
1987 1106 2032 1149 et

220 1186 343 1234 alibi.
412 1187 478 1235 Cf.
515 1205 654 1252 supra
686 1207 730 1253 p.
768 1193 874 1237 126.

283 1270 698 1333 Verbamoms‘voq
745 1277 893 1323 κακοῦ
936 1276 1116 1337 στρόβῳ
1160 1290 1402 1339 perperam
1448 1290 1476 1321 a
1513 1273 1749 1321 nonnuHis
1785 1272 2028 1321 sollicitata

218 1359 347 1414 sunt,
381 1355 461 1421 qui
492 1355 706 1418 imaginis
741 1356 1014 1418 elegantiam
1054 1361 1100 1405 et
1137 1359 1375 1407 audaciam
1408 1373 1574 1423 parum
1608 1361 1864 1405 senserunt.
1931 1356 2027 1402 Au-

217 1444 344 1487 ratus
393 1444 438 1491 et
487 1439 715 1501 Stanlejus
766 1439 901 1488 scribi
949 1441 1194 1489 voluerunt
1243 1446 1464 1503 ποιμένων
1494 1447 1624 1502 κακῷ
1654 1442 1858 1504 στρόβῳ,
1894 1438 2022 1504 quod

216 1524 389 1588 recepit
436 1524 750 1588 Hartungius,
802 1524 1036 1588 explicans
1065 1527 1429 1590 qubernatoribus
1477 1527 1639 1574 vertice
1683 1526 1876 1589 abreptis
1883 1546 1898 1581 ;
1943 1523 2026 1572 sed

214 1625 298 1672 pro
348 1609 436 1656 hoc
487 1609 640 1657 dicere
684 1611 1025 1672 gubernatorum
1079 1612 1307 1674 vertiyine,
1349 1615 1470 1659 esset
1525 1610 1689 1658 saltem
1744 1610 2026 1672 ambiguum.

214 1691 511 1741 Hermannus
542 1697 693 1742 servat
725 1692 913 1758 quidem
946 1698 1190 1756 ποιμένος,
1229 1699 1432 1742 ceterum
1463 1695 1603 1743 verba
1637 1693 1704 1741 sic
1735 1697 1904 1741 mutat:

905 1817 956 1862 αἱ
987 1814 1038 1862 δε
1068 1819 1466 1876 κεροτυπούμεναι
1499 1817 1582 1876 βίοι

545 1902 770 1956 χειμῶνι,
803 1895 939 1955 τυφῶ
976 1901 1060 1944 σῦν
1095 1892 1216 1957 ζάλῃ
1245 1894 1291 1945 τ’
1323 1897 1667 1958 ὀμβροκτύπῳ,

549 1974 720 2037 ᾤχοντ’
754 1976 992 2037 ἄφαντοι,
1029 1980 1241 2037 ποιμένος
1273 1978 1626 2037 κακοστρόβου,

212 2092 265 2136 ut
295 2093 508 2152 ποιμένος
531 2093 854 2154 κακοστρὸβου
881 2091 1170 2155 appositione
1190 2091 1414 2154 jungatur
1443 2107 1549 2140 cum
1572 2107 1841 2156 praegresso
1866 2091 2017 2154 τυφῶ.

213 2173 344 2236 Quae
378 2173 622 2221 verborum
651 2173 866 2235 junctura
899 2191 1038 2239 quam
1072 2179 1280 2223 contorta
1313 2175 1373 2223 sit
1404 2192 1540 2223 nemo
1574 2192 1670 2224 non
1699 2175 1865 2224 videat.

275 2304 354 2352 Vs.
386 2307 478 2351 600
505 2321 602 2369 sqq.
649 2303 740 2351 Pro
761 2310 990 2354 ναυτικῶν
1018 2306 1063 2354 τ’
1085 2306 1290 2366 ἐρειπίων
1311 2305 1631 2363 Hermannus,
1654 2309 1708 2354 ut
1731 2309 1836 2353 ante
1856 2304 2018 2352 Schiit-

208 2389 327 2447 zius,
379 2389 562 2453 scripsit
611 2388 738 2453 quod
777 2391 1006 2435 structura
1039 2389 1285 2436 verborum
1317 2389 1512 2452 flagitat,
1548 2396 1787 2449 ναυτικοῖς
1820 2390 1865 2439 τ’
1901 2389 2020 2450 ἐρει-

209 2479 344 2533 πίοις.
414 2474 618 2521 Casuum
666 2472 1004 2536 permutatione
1053 2473 1170 2520 nihil
1214 2472 1265 2520 in
1306 2473 1524 2537 Aeschyli
1556 2475 1684 2522 libris
1717 2471 2017 2537 frequentius.

206 2559 402 2608 Gravius
436 2557 673 2622 depravati
706 2560 816 2604 sunt
847 2556 1048 2620 proximi
1081 2572 1240 2604 versus
1274 2557 1356 2621 qui
1388 2556 1438 2604 in
1474 2556 1608 2605 codd.
1643 2557 1710 2606 sic
1744 2558 1982 2620 leguntur:

566 2680 687 2737 ὑμᾶς
720 2696 777 2738 γε
806 2684 890 2737 μὲν
922 2677 974 2732 δὴ
1007 2681 1119 2726 ναῦν
1148 2675 1198 2726 τ’
1233 2679 1467 2738 ἀκήρατον
1499 2678 1683 2740 σκάφος

562 2760 666 2814 ἤτοι
703 2779 777 2817 τις
806 2759 1069 2820 ἐξέκλεψεν
1100 2759 1124 2814 ἢ
1158 2757 1419 2820 ’ἕῌτῆσατο

562 2841 658 2898 θεός
691 2861 794 2897 τις,
831 2841 911 2889 οὐκ
946 2842 1201 2901 ἄνθρωπος,
1236 2842 1391 2898 οἴακος
1427 2840 1574 2901 Θιγῶν.

563 2924 694 2983 τύχη
727 2923 780 2970 δέ
815 2929 965 2981 σωτὴρ
1002 2924 1112 2970 ναῦν
1148 2919 1332 2970 Θέλουσ’
1368 2921 1598 2983 ἐφέζετο,

565 3002 624 3058 ὡς
656 3003 766 3061 μήτ’
804 3002 853 3050 ἐν
885 3001 998 3063 ὅρμῳ
1031 3003 1245 3061 κύματος
1282 2999 1429 3062 ζάλην
1461 3001 1591 3062 ἔχειν
1623 3001 1731 3050 κτὲ.

201 3114 407 3162 Primum
450 3119 564 3165 ’ναῦν
619 3119 854 3180 ἀκήρατον
898 3118 1111 3179 σκάφος,
1171 3116 1603 3182 quomodocumque
1655 3115 1853 3179 jungas,
1913 3130 2007 3162 non

202 3197 348 3259 magis
396 3197 505 3245 ferri
553 3215 736 3262 graece,
787 3203 971 3266 opinor,
1022 3205 1175 3266 potest
1219 3217 1357 3266 quam
1403 3200 1442 3247 si
1475 3200 1617 3248 latine
1651 3199 1827 3248 diceres
1861 3215 2011 3247 navem

200 3281 454 3328 ineolumem
501 3285 668 3332 alveum
714 3287 788 3334 vel
838 3286 1062 3340 carinam;
1112 3289 1271 3349 atque,
1325 3284 1366 3331 si
1416 3284 1525 3331 ferri
1569 3289 1727 3348 posset
1770 3284 2008 3347 junctura,

201 3364 498 3427 pleonasmus
531 3371 600 3414 est
631 3371 787 3417 tamen
819 3386 983 3433 parum
1017 3372 1188 3431 gratus.
1256 3368 1460 3416 Auratus
1495 3372 1541 3415 et
1574 3368 1875 3416 Casaubonus
1905 3384 2011 3415 con—

196 3448 425 3510 jecerunt,
459 3450 583 3514 quod
613 3454 787 3518 recepit
814 3453 1127 3516 HartungiuS,
1163 3453 1267 3512 νεῶς
1304 3452 1350 3503 τ’
1387 3455 1618 3515 ἀκήρατον
1653 3446 1856 3515 σκαφοςζ
1901 3452 2010 3499 Non

201 3531 422 3580 inusitata
468 3535 744 3599 periphrasis
794 3544 864 3587 est
912 3543 1015 3596 νεὼς
1060 3539 1244 3600 σκάφος
1288 3554 1370 3600 pro
1402 3542 1541 3599 ναῦς,
1590 3537 1806 3602 Euripidi
1851 3540 2008 3583 tamen

202 3615 484 3680 frequentior
532 3635 670 3683 quam
718 3623 946 3687 Aeschylo
993 3626 1071 3669 aut
1116 3621 1349 3684 Sophocli:
1384 3637 1512 3679 nam,
1546 3626 1600 3670 ut
1634 3622 1846 3686 exemplo
1881 3626 2006 3678 utar,

3 3668 27 3687 ,,,

14 3730 37 3944 u
203 3701 253 3747 in
285 3699 407 3745 Pers.
434 3702 526 3748 419
563 3704 791 3755 ὑπτιοῦτο
825 3707 875 3756 δὲ
911 3706 1074 3768 σκάφη
1108 3710 1212 3756 νεῶν
1247 3705 1430 3769 proprie
1466 3707 1645 3755 carinae
1677 3706 2004 3769 significantur,
