2340 3958
320 209 349 255 9
358 208 385 255 2
1058 216 1401 262 ΑΙΣΧΥΛΟΥ

765 377 842 426 νῦν
881 370 918 424 δ’
958 374 997 425 εἷ
1037 374 1263 439 προτέρων
1302 371 1408 438 αἷμ’
1449 375 1665 428 αποτίσει

765 482 846 534 καὶ
886 487 1005 535 τοῖσι
1043 484 1229 535 θανοῦσι
1274 484 1419 536 θανὼν
1455 483 1619 535 ἄλλων

838 592 1003 650 ποινὰς
1043 592 1257 646 θανάτων
1296 595 1561 660 ἐπικρανεῖ,
2033 612 2136 650 1340

325 699 462 748 1230

768 699 840 758 τίς
880 698 940 752 ἂν
976 703 1059 753 οὐκ
1097 700 1290 763 εὔξαιτο
1327 702 1505 768 βροτῶν
1538 704 1695 755 ασινεῑ

847 808 1029 872 δαίμονι
1067 814 1250 877 φῦναι,
1291 810 1399 863 ταδ’
1437 811 1647 872 ἐκούωνς

412 1091 615 1136 ΑΓΑΜ.
668 1083 691 1103 ”

695 1092 861 1148 Ωμοι,
902 1085 1200 1150 πέπληγμαι
1239 1084 1424 1151 καιρίαν
1467 1086 1662 1147 πληγὴν
1700 1084 1811 1147 ἐγώ.

410 1258 553 1304 ΧΟΡ.
590 1250 654 1303 α’.
697 1256 858 1313 Eryx·
896 1250 970 1309 τίς
1009 1252 1206 1314 πληγὴν
1246 1252 1390 1303 αϋτεῑ
1422 1250 1606 1316 καιρίαν
1641 1249 1953 1314 οὐτασμένος;

408 1425 614 1470 ΑΓΑΜ.
689 1416 800 1481 ὤμοι
839 1415 970 1481 μαλ’.
1002 1414 1161 1479 αὖθις,
1206 1416 1425 1483 δευτέραν
1464 1416 1822 1480 πεπληγμένος.
2031 1434 2135 1473 1345

407 1589 552 1633 XOP.
573 1580 644 1643 β’,
685 1577 878 1646 τοῦργον
917 1578 1166 1646 εἷργασθαι
1207 1580 1335 1633 δοκεῖ
1368 1598 1448 1644 μοι
1489 1579 1739 1645 βασιλέως
1774 1578 2070 1643 οἶμώγματι.

325 1694 465 1743 1235

592 1691 656 1753 γ’.
696 1691 835 1744 ἄλλα
873 1691 1178 1756 κοινωσώμεθ’
1217 1691 1271 1753 ἢν
1311 1694 1410 1750 πῶς
1448 1691 1660 1758 ἀσφαλῆ
1697 1689 2050 1756 βουλεύματα;

322 1881 372 1920 V.
390 1882 510 1921 1228.
542 1885 706 1923 θανάτων
733 1887 831 1935 ἄγαν
858 1887 1050 1939 ἐπικρανεῖ
1075 1883 1194 1922 Fam.
1251 1882 1370 1922 1230.
1394 1885 1452 1928 τίς
1474 1884 1693 1929 ἀνεῦξαιτο.
1754 1881 1875 1921 1232.
1891 1883 2032 1933 πληγὴν
2046 1882 2130 1922 ἔσω,

375 1956 495 1996 1233.
523 1958 675 2012 καιρίως
689 1957 926 2008 οὐτασμένος.
989 1957 1107 1996 1235.
1128 1959 1365 2008 οἰμώγμασιν
1380 1955 1480 1994 Ven.
1500 1955 1619 1995 Farn.
1678 1954 1798 1994 1236.
1816 1951 2060 2005 κοινωσώμεθ’
2075 1957 2133 1994 ἄν.

376 2105 494 2144 1230.
524 2110 583 2152 τίς
611 2110 655 2147 ἂν
682 2109 744 2147 οὐκ
771 2109 922 2154 εὔξαιτο
943 2131 998 2138 -—-
1029 2108 1094 2147 ‘'Si
1119 2121 1187 2148 rex

316 2171 401 2219 ille,
432 2172 491 2212 dei
518 2174 640 2213 instar
669 2175 898 2222 honoratus,
935 2189 1036 2215 nunc
1063 2175 1186 2216 subito

319 2239 365 2278 de
392 2241 584 2292 potentiae
614 2241 779 2280 culmine
814 2242 855 2281 in
885 2243 1045 2282 exitium
1073 2256 1185 2296 prae-

318 2306 560 2360 cipitabitur,
592 2308 676 2360 quis
700 2309 771 2348 hoc
795 2310 950 2350 audiens
975 2324 1053 2350 non
1082 2312 1188 2364 optet

318 2377 362 2414 ut
406 2378 490 2415 tuta
537 2376 778 2416 mediocritas
820 2377 892 2417 sibi
935 2378 1186 2430 contingat‘?”

316 2448 433 2484 ἀσινεῖ
472 2443 618 2496 δαίμονι
647 2447 774 2499 φῦναι,
805 2445 844 2484 h.
866 2459 900 2485 e.
930 2450 1047 2487 ἀσινεῖ
1075 2447 1188 2504 τύχῃ.

316 2511 446 2549 eadem
459 2510 576 2550 dativi
591 2512 821 2551 constructio
837 2515 967 2552 estex.
984 2526 1045 2564 gr.
1061 2513 1101 2552 in
1117 2514 1189 2553 hoc

315 2576 446 2616 Iliadis
472 2590 606 2632 versu,
638 2596 685 2627 α,
717 2579 820 2618 418:
851 2587 906 2633 τῷ
922 2597 963 2620 σε
987 2587 1082 2637 κακῇ·
1097 2583 1185 2638 αἴσῃ

316 2651 421 2686 τέκον
448 2649 483 2685 ἐν
512 2650 746 2699 μεγάροισιν.
772 2669 828 2676 -
868 2650 1019 2700 ἀσίνης,
1051 2649 1188 2688 damni

314 2713 518 2760 immunis,
564 2714 704 2754 dieitur
745 2726 826 2754 sors
867 2717 1021 2755 modica
1038 2747 1050 2762 ,
1093 2728 1189 2767 quae

319 2779 448 2819 eadem
474 2788 530 2820 est
545 2786 632 2821 tuta
643 2812 655 2828 ‚
673 2781 771 2821 sicut
785 2795 902 2835 supra
916 2796 973 2822 vs.
987 2783 1066 2826 379
1083 2787 1188 2831 ἀπή-

317 2865 457 2899 μαντος
485 2849 692 2901 opponitur
719 2851 915 2901 opulento.

378 2917 661 2956 1233—1260.
708 2918 789 2956 nln
820 2917 880 2957 his
909 2916 1079 2958 versibus
1108 2919 1188 2958 sin·

321 2982 428 3034 gulas
456 2983 575 3023 Chori
612 2997 805 3037 personas·
837 2984 1034 3037 loquentes
1061 2985 1191 3026 induci

321 3051 566 3090 manifestum
602 3054 659 3091 est
686 3055 725 3091 et
754 3052 958 3094 declaravit
992 3053 1188 3093 Herman-

322 3129 394 3156 nus
410 3119 555 3170 Opusc.
572 3119 619 3158 II
629 3151 638 3166 ,
657 3133 697 3172 p.
715 3121 794 3159 130
808 3151 820 3168 ,
849 3122 1056 3173 praeeunte
1071 3121 1191 3161 schol.

324 3183 523 3237 Aristoph.
551 3186 648 3238 qu.
681 3187 783 3235 586,
814 3187 880 3239 qui
909 3190 953 3227 ut
986 3189 1060 3227 XV
1085 3189 1193 3228 chori

322 3251 459 3304 tragici
485 3265 665 3304 personas
694 3255 810 3294 fuisse
839 3255 1096 3302 demonstret,
1115 3257 1190 3295 Ae-

325 3318 447 3370 schyli
487 3320 784 3372 Agamemnonis
830 3322 1001 3375 exemplo
1031 3323 1192 3364 utitur.”

326 3385 747 3442 Dindorf9Miillerum
772 3388 838 3440 qui
864 3402 884 3428 e
912 3390 995 3428 XII
1022 3390 1194 3443 personis

325 3466 413 3493 eum
440 3456 614 3494 constare
639 3456 834 3495 contendit
860 3456 906 3495 ad
922 3457 1035 3498 Eum.
1051 3471 1092 3510 p.
1110 3460 1159 3498 55
1178 3493 1189 3508 ,

325 3521 507 3562 refutavit
526 3522 663 3562 Herm.
691 3524 835 3575 Opusc.
862 3523 944 3571 VI,
968 3525 1006 3564 2.
1037 3539 1077 3577 p.
1100 3526 1194 3565 136.

330 3589 381 3628 Et
407 3589 524 3641 primi
549 3590 699 3641 quidem
739 3593 816 3630 tres
857 3603 987 3632 versus
1014 3593 1078 3643 qui
1106 3595 1186 3633 tro-

1269 2108 1393 2148 chaeis
1433 2109 1637 2155 constant,
1679 2105 1928 2160 probabiliter
1964 2105 2072 2145 chori
2099 2106 2139 2143 et

1267 2175 1496 2215 hemichorii
1524 2176 1722 2227 utriusque
1751 2172 1907 2213 ducibus
1921 2171 2138 2224 assignandi

1270 2245 1374 2283 sunt.
1431 2243 1614 2283 Ceterum
1654 2241 1867 2293 cujusmodi
1901 2240 2018 2280 fuerit
2045 2239 2136 2279 cho·

1271 2313 1468 2350 mutarum
1484 2310 1678 2363 dispositio
1692 2341 1703 2358 ,
1734 2309 1928 2348 fuerintne
1945 2306 2139 2347 distributi

1268 2377 1309 2417 in
1349 2378 1426 2417 tria
1471 2382 1588 2430 ζυγὰ,
1633 2379 1677 2417 nt
1708 2376 1936 2416 Hermanno
1962 2375 2135 2423 videtur,

1270 2458 1320 2485 an
1351 2445 1391 2485 in
1420 2445 1493 2485 duo
1521 2445 1780 2492 hemichoria,
1811 2446 1855 2484 ut
1881 2442 2136 2490 Schneidero,

1269 2512 1311 2552 in
1348 2512 1565 2564 conjectura
1593 2513 1759 2565 positum
1787 2513 1859 2551 est.
1915 2510 2018 2549 Mihi
2046 2522 2134 2563 pos·

1266 2580 1385 2620 terius
1426 2579 1687 2620 deliberationi
1713 2579 1834 2632 magis
1861 2580 1993 2631 aptum
2030 2577 2137 2617 vide-

1266 2650 1333 2687 tur
1347 2679 1358 2695 ,
1390 2650 1432 2688 ut
1458 2646 1525 2688 tali
1542 2649 1622 2688 fere
1634 2647 1746 2687 modo
1761 2645 1960 2686 collocatos
1977 2648 2132 2698 putem:

1695 2733 1719 2756 α

1570 2783 1614 2836 β’
1791 2781 1828 2832 ν’

1574 2851 1606 2890 δ’
1794 2850 1839 2890 ιε’

1571 2918 1600 2958 ε’
1785 2917 1832 2957 ιδ’

1576 2987 1617 3034 ς·’
1787 2984 1835 3035 ‘7'

1573 3054 1609 3103 ς’
1779 3050 1836 3128 ιβζ

1574 3139 1597 3166 η
1780 3135 1821 3159 ια

1578 3188 1611 3227 θ’
1810 3186 1835 3226 ι’

1329 3256 1448 3295 1936.
1476 3251 1729 3305 κοινωσώμεθ’,
1747 3253 1913 3292 medium
1925 3284 1935 3299 ,
1953 3253 2051 3302 sign.
2067 3252 2130 3290 in-

1273 3327 1334 3363 ter
1359 3336 1429 3363 nos
1455 3322 1770 3362 communicemus
1809 3333 1947 3373 nempe
1975 3321 2133 3374 βουλεύ-

1274 3407 1386 3443 ματα
1399 3419 1411 3439 ,
1440 3389 1540 3440 quod
1559 3400 1579 3426 e
1599 3386 1840 3439 sequentibus
1863 3387 2131 3441 supplendum.

1276 3458 1383 3513 δεῦρο
1411 3457 1600 3512 κηρύσσειν
1626 3460 1742 3509 βοήν,
1774 3457 1848 3495 hue
1868 3469 1944 3507 per
1971 3467 2130 3507 praeco-

1275 3537 1342 3563 nes
1380 3536 1572 3563 arcessere
1600 3524 1806 3563 auxilium.
1844 3529 1919 3577 βοή
1943 3536 2011 3575 pro
2033 3528 2130 3576 βοη-

1278 3594 1358 3632 θεία
1386 3590 1667 3643 legitur·etiam
1696 3590 1832 3643 Suppl.
1861 3592 1955 3633 730.
