2340 3958
370 180 438 228 58
1110 188 1458 238 ΑΙΣΧΥΛΟΥ

777 344 869 397 οὐδ’
908 341 960 397 εὖ
999 345 1246 411 πραπίδων
1285 346 1427 401 οἴακα
1468 349 1645 414 νέμων,

928 454 1030 514 θύος
1069 457 1285 511 άκούσιον

843 561 1040 628 άνδράσι
1080 565 1310 630 θρήσκοισι
1351 567 1576 635 κομίζων·

370 671 472 721 715
702 673 780 720 νῦν
813 668 851 720 δ’
892 671 976 723 οὐκ
1013 671 1103 724 (ἐπ’
1141 671 1293 740 άκρας
1331 676 1502 743 φρενὸς
1541 677 1634 730 οὐδ’
1673 678 1867 745 ἀφίλως
2105 692 2181 730 805

857 780 1044 848 εὔφρων
1082 782 1219 836 πόνον
1258 782 1311 838 εὖ
1348 787 1595 841 τελέσασι.

775 889 946 951 γνώσει
986 890 1033 944 δὲ
1070 893 1225 959 χρόνῳ
1263 894 1627 961 διαπευθόμενος

774 999 855 1052 τόν
892 1021 947 1053 τε
986 1001 1175 1062 δικαίως
1213 1005 1296 1057 καὶ
1336 1006 1416 1059 τὸν
1454 1007 1661 1074 άκαίρως

850 1109 988 1163 πόλιν
1026 1113 1321 1179 οἰκουροῦντα
1359 1121 1581 1170 πολιτῶν.

1035 1285 1512 1334 ΑΓΑΜΕΜΝΩΝ.

370 1441 396 1491 7
407 1439 473 1489 20
700 1441 888 1504 Πρῶτον
924 1438 1014 1500 μὲν
1046 1438 1230 1506 ’Ἄργος
1270 1442 1354 1494 καὶ
1395 1443 1522 1502 θεοὺς
1561 1445 1822 1512 ἐγχωρίους
2102 1465 2181 1504 310

701 1547 802 1609 δίκη
843 1555 1139 1616 προςειπεῒν,
1179 1551 1290 1611 τοὺς
1330 1551 1435 1617 ἐμοὶ
1473 1554 1750 1618 μεταιτίους

698 1658 861 1713 νόστου
900 1660 1090 1714 δικαίων
1123 1661 1161 1714 θ’
1201 1659 1261 1716 ὧν
1302 1662 1591 1730 ἐπραξάμην
1629 1665 1768 1719 πόλιν

697 1769 943 1837 Πριάμου·
983 1769 1118 1830 δίκας
1159 1772 1257 1838 γαρ
1295 1774 1380 1826 οὐκ
1418 1773 1518 1826 άπὸ
1557 1773 1785 1837 γλώσσης
1825 1774 1912 1827 θεοὶ

700 1879 948 1944 κλύοντες,
986 1880 1315 1947 άνδροδμῆτας
1354 1882 1660 1950 Ἰλιοφθόρους

367 1992 470 2043 725
701 1991 766 2049 εἰς
806 1991 1074 2058 αἱματηρὸν
1110 1996 1289 2057 τεῦχος
1328 1993 1380 2045 οὐ
1419 1992 1701 2060 διχορρόπως
2101 2016 2179 2055 815

696 2101 893 2170 ψήφους
933 2099 1114 2163 ἔθεντο,
1153 2103 1220 2168 τῷ
1254 2101 1293 2153 δ’
1332 2102 1526 2169 ἐναντίῳ
1563 2103 1697 2156 κύτει

369 2298 420 2338 V.
451 2297 544 2340 715.
574 2296 685 2336 Fort-
712 2295 788 2350 leg.
819 2296 891 2337 οὐδ’
917 2300 1084 2353 ἀφιλοῦς.

364 2402 416 2443 V,
447 2402 540 2445 713.
570 2401 664 2444 714.
691 2405 827 2458 θράσος
856 2406 1008 2458 (θάρσος
1037 2402 1172 2452 Fam.)
1201 2405 1359 2446 ἑκούσιον
1387 2406 1544 2461 ἀνδράσι
1566 2410 1752 2454 θνήσκουσι
1771 2406 1828 2456 (εὖ
1842 2410 2030 2454 θνήσκουσι
2041 2407 2176 2457 Farn.)

421 2477 598 2528 κομίζων.
636 2474 732 2523 716.
749 2477 851 2531 εὔφρ.
869 2480 974 2523 πόνος
988 2474 1046 2515 Fl.
1066 2478 1167 2532 εὕφρ.
1186 2494 1244 2524 τις
1261 2483 1367 2525 πόνος
1383 2479 1413 2516 F
1415 2491 1501 2519 arn.
1540 2479 1634 2521 724.
1649 2480 1897 2535 ἀνδροθνῆτας
1905 2478 2008 2522 Ἰλίου
2021 2485 2176 2538 φθορὰς.

420 2629 515 2671 713.
546 2630 625 2675 θύος
653 2628 840 2679 ἀκούσιον,
873 2628 1111 2681 sacraficium
1138 2642 1163 2668 a
1188 2633 1228 2669 te

362 2698 486 2737 invito
511 2697 686 2750 factum.
733 2696 894 2750 ἀνδράσι
934 2700 1123 2752 θρήσκοισι
1140 2728 1152 2749 ,
1182 2697 1227 2736 in

359 2765 531 2818 qratiam
557 2755 910 2816 superstitiossorum
928 2777 1117 2815 auqurum
1129 2795 1140 2812 ,
1156 2777 1224 2816 np.

364 2830 596 2870 Calchantis.
625 2832 808 2883 ἑκούσιον,
841 2832 1009 2872 ἀκούσιον
1035 2831 1151 2871 etiam
1180 2832 1225 2870 de

362 2900 474 2938 rebus
501 2902 712 2951 ponuntur.
759 2897 869 2938 Plato
898 2899 943 2938 de
966 2899 1087 2951 Legg.
1105 2899 1161 2946 V,
1184 2900 1223 2939 6.

360 2980 401 3018 p.
431 2966 509 3008 733
540 2967 597 3004 D:
637 2968 818 3020 βουλητόν
854 2983 899 3007 τε
938 2969 1002 3008 καὶ
1040 2967 1222 3019 ἑκούσιον,

364 3035 570 3088 ἀβούλητον
596 3050 640 3074 τε
670 3037 733 3074 καὶ
760 3035 940 3075 ἀκούσιον.

418 3101 512 3143 723.
543 3103 604 3141 οὐκ
631 3104 708 3141 ἀπὸ
734 3103 902 3153 γλώσσης
927 3102 1103 3148 κλύοντες.
1137 3101 1225 3142 Hoc

361 3167 451 3222 quid
478 3167 664 3220 significet
691 3169 762 3207 etsi
788 3169 889 3208 haud
913 3168 1117 3209 obscurum
1143 3171 1220 3216 est,

358 3224 489 3275 taimen
529 3247 607 3274 non
645 3247 775 3275 omnes
803 3237 907 3275 recte
934 3235 1220 3288 explicuerunt,

358 3314 496 3356 parum
517 3302 859 3342 animadvertentes
882 3302 977 3342 illud
1001 3307 1077 3345 ἀπὸ
1095 3307 1222 3356 γλώτ-

359 3387 426 3416 της
468 3369 617 3408 variare
658 3381 728 3420 pro
774 3369 878 3408 varia
899 3370 1098 3420 junctura.
1158 3371 1221 3410 Ita

359 3439 422 3478 οὐκ
448 3440 525 3477 ἀπὸ
551 3439 719 3489 γλώττης
743 3439 884 3489 λέγειν,
911 3440 1052 3493 φιλεῖν,
1073 3438 1218 3491 signifi-

358 3506 420 3544 eat
447 3516 525 3543 non
549 3505 687 3556 linqua
714 3509 753 3543 et
780 3505 930 3551 verbis,
961 3506 1025 3544 sed
1053 3519 1102 3544 ex
1129 3506 1217 3545 ani-

359 3571 412 3612 mi
441 3571 637 3612 sententia
666 3571 791 3624 loqui,
820 3584 960 3613 amare.
1001 3575 1212 3626 ἀγγέλλειν,

1310 2631 1545 2670 ἐντέλλεσθαι
1574 2632 1651 2670 ἀπὸ
1677 2631 1871 2682 γλώττης,
1902 2629 2082 2670 nuntium
2115 2629 2176 2669 vel

1306 2697 1531 2736 mandatum
1572 2697 1745 2748 perferre
1783 2697 1932 2744 verbis,
1976 2710 2054 2737 non
2081 2698 2172 2737 lite-

1306 2765 1375 2804 ris·
1422 2766 1484 2805 οὐκ
1511 2767 1588 2805 ἀπὸ
1614 2767 1783 2817 γλώττης
1813 2765 1953 2817 κλύειν,
1981 2777 2060 2804 non
2086 2779 2172 2805 ver·

1306 2833 1365 2872 bis
1391 2832 1629 2884 loquentium
1673 2832 1752 2871 sive
1766 2833 1924 2885 fando,
1956 2832 2022 2871 sed
2053 2845 2103 2872 ex
2129 2845 2174 2871 re

1306 2903 1346 2939 et
1386 2899 1554 2939 veritate
1593 2912 1628 2939 s.
1668 2903 1773 2939 certo
1811 2912 2052 2952 cognoscere.
2109 2900 2173 2939 Ita

1305 2966 1352 3006 ad
1391 2966 1485 3006 illud
1527 2970 1603 3010 ἀπὸ
1656 2969 1826 3018 γλώττης
1880 2965 2170 3019 intelligendum

1303 3033 1379 3073 tale
1418 3033 1511 3086 quid
1551 3035 1796 3087 oppositum,
1839 3033 1942 3086 quod
1964 3033 2171 3085 juncturae

1304 3101 1530 3141 conveniens
1572 3102 1636 3142 sit.
1693 3101 1773 3141 Hie
1814 3101 2015 3141 manifesto
2053 3101 2170 3142 verba

1303 3169 1357 3209 sic
1383 3169 1602 3222 explicanda
1615 3187 1626 3209 ε
1673 3170 1735 3210 οῦκ
1771 3171 1849 3210 ἀπὸ
1886 3171 2055 3221 γλώττης
2082 3170 2165 3210 κλύ-

1304 3253 1402 3282 οντες
1444 3234 1527 3277 ἀλλ’
1565 3237 1633 3278 ἀπ’
1678 3241 1864 3290 ὀμμάτων
1904 3241 2106 3289 πυθόμενοι
2133 3250 2166 3278 s,

1303 3306 1589 3361 αὐτομάρτυρες
1619 3305 1746 3358 ὄντες,
1779 3304 1878 3344 sicut
1893 3303 2079 3356 ‘loquitur
2105 3305 2166 3344 in·

1300 3372 1360 3410 fra
1397 3384 1454 3411 vs.
1498 3372 1591 3410 988.
1625 3371 1744 3410 Plene
1786 3370 1994 3423 Sophocles
2024 3371 2165 3412 Trach.

1298 3451 1356 3479 vs.
1386 3439 1485 3481 744:
1539 3442 1575 3479 ἐν
1627 3440 1777 3492 ὄμμασι
1836 3439 2045 3495 δεδορκὼς,
2103 3441 2166 3480 κού

1301 3509 1401 3547 κατὰ
1427 3507 1593 3558 γλῶσσαν
1620 3508 1745 3549 κλύων.
1777 3508 1958 3547 Ceterum
1975 3506 2024 3546 cf.
2045 3505 2160 3546 Com-

1299 3575 1419 3613 ment.

2324 648 2340 695 ‘a‘

2333 710 2340 812 ἓ.

2332 827 2340 917 ,i

2334 921 2340 971 ¹.

2334 975 2340 1029 !
