2340 3958
720 167 790 213 IN
824 166 1342 216 AGAMEMNONEM.
1877 168 1899 211 1
1910 165 1966 212 27

227 318 303 364 Vs.
342 318 415 362 59.
459 319 478 366 ὁ
514 321 742 375 κρείσσων.
810 317 1090 380 Superorum
1131 319 1324 365 deorum
1364 316 1600 380 epitheton
1639 316 1726 362 hoc
1763 331 1866 361 >esse
1908 315 1972 361 di-

164 406 275 449 eunt
311 401 596 462 interpretes.
664 400 923 464 Perperam.
970 407 1235 465 κρείττονες
1267 418 1377 448 sane
1410 401 1627 448 dicuntur
1668 401 1752 450 6εοῖ
1790 402 1975 461 majores

163 485 362 549 oppositi
407 484 670 539 minoribus,
709 488 762 530 ut
794 484 843 531 in
875 485 1024 532 Prom.
1059 501 1124 532 vs.
1163 488 1256 532 902
1309 483 1599 532 Oceanidum
1634 483 1800 530 chorus
1835 483 1975 530 dicit:

165 572 282 632 μηδὲ
327 569 585 631 κρεισσόνων
632 570 735 617 Θεῶν
766 590 826 601 -
870 569 1003 629 ’ὄμμα
1047 570 1319 631 προςδροίκοι
1352 589 1430 630 με.
1477 568 1553 616 vel
1600 572 1864 629 κρείττονες
1897 583 1975 615 vo-

165 656 327 698 cantur
374 649 548 696 ratione
598 649 846 694 mortalium
863 686 875 705 ,
926 653 979 695 ut
1027 649 1077 696 in
1111 650 1226 698 Plat.
1262 651 1465 715 Euthyd.
1517 669 1561 715 p.
1599 654 1691 699 291
1727 651 1797 698 A:
1831 653 1974 712 μήτις

167 741 258 785 τῶν
290 735 559 794 κρειττόνων
593 734 743 792 παρὼν
776 732 903 780 αὐτὰ
936 731 1243 795 ἐφθέγξατω
1276 734 1491 798 idemque
1525 735 1647 782 valet
1681 733 1737 781 de
1761 734 1976 781 omnibus

165 814 429 878 hujusmodi
479 813 701 875 exemplis
751 829 868 876 quae
920 815 1118 861 afferunt
1167 817 1487 866 Blomfieldius
1538 819 1598 866 ad
1647 818 1813 865 Aesch.
1851 818 1975 865 Pers.

165 917 229 948 vs.
267 902 358 947 935
395 898 576 961 aliique.
645 897 737 944 Sed
787 897 851 944 ita
890 897 1157 961 simpliciter
1195 905 1215 951 ὁ
1250 908 1467 964 κρείσσων
1505 909 1624 962 Ζεῦς
1664 919 1759 950 non
1797 901 1977 949 dicitur.

167 982 496 1045 Corrigendum
531 997 695 1028 censeo
731 985 751 1031 ὁ
786 987 966 1043 κρείων,
1002 983 1159 1032 Ioniee
1196 985 1371 1032 dietum
1403 1003 1487 1050 pro
1511 993 1673 1048 κρέων,
1707 992 1760 1035 ut
1792 1004 1856 1035 vs.
1882 989 1974 1034 105

167 1070 454 1118 καταπνεῖει.
522 1065 589 1113 Cf.
640 1065 695 1112 Il.
746 1068 796 1126 Θ,
849 1069 972 1113 208:
1023 1073 1176 1128 κρείων
1224 1074 1520 1132 Ἐνοσίχθων.
1573 1075 1619 1117 61;
1667 1071 1732 1118 ita
1782 1071 1978 1135 saepius,

139 1142 376 1213 vAeschyl.
409 1149 568 1212 Suppl.
606 1151 698 1196 558
735 1150 954 1212 (Herm.):
1007 1153 1062 1200 δι’
1087 1155 1246 1210 αἰῶνος
1281 1157 1418 1214 κρέων
1453 1156 1765 1204 ἀπαύστου..
1792 1193 1804 1205 .
1841 1159 1980 1213 Ζεύς.

166 1232 298 1281 Pind.
330 1233 465 1281 Nem.
500 1233 604 1290 ΙΙΙ,
642 1233 700 1282 17
738 1235 868 1296 (10):
914 1237 1101 1298 οὐρανοῦ
1134 1236 1450 1296 πολυνεφέλα
1482 1242 1682 1298 κρέοντι.

298 1362 376 1410 Vs.
413 1364 487 1409 63.
623 1364 824 1425 γόνατος
857 1369 1075 1414 κονίαισιν
1110 1363 1409 1423 ἐρειδομένου.

170 1494 304 1542 Hanc
345 1495 589 1542 meliorum
623 1494 833 1542 codicum
868 1495 1144 1552 lectionem,
1205 1495 1511 1542 Farnesianae
1567 1497 1860 1559 ἕρειπομένου
1913 1514 1983 1546 66-

172 1578 280 1625 dere
325 1577 459 1639 jubet
502 1578 814 1640 Hartungius,
856 1579 930 1626 eui
964 1580 1219 1641 refragatur
1252 1595 1392 1636 usus,
1445 1596 1589 1643 quum
1621 1596 1662 1628 v.
1698 1580 1982 1641 ἐρείπεσθαι,

171 1664 336 1720 everti,
388 1679 568 1726 semper
618 1661 745 1709 nude
776 1667 1005 1725 ponatur3
1058 1667 1216 1710 contra
1259 1663 1510 1724 ἐρείδεσθαι
1551 1665 1863 1725 prosternendi
1909 1667 1983 1713 vel

171 1747 354 1812 proprie
405 1746 621 1809 dqfiqendi
661 1762 801 1792 sensu
848 1746 1031 1809 saepius
1076 1745 1342 1808 hujusmodi
1396 1745 1602 1793 dativum
1651 1747 1790 1795 habet
1827 1750 1987 1811 adjun-

174 1836 323 1888 ctum,
362 1836 414 1878 ut
447 1831 502 1878 Il.
537 1851 586 1887 n,
625 1832 747 1877 145:
803 1832 822 1878 ὃ
857 1830 895 1878 δ’
930 1831 1097 1888 ὕπτιος
1136 1832 1256 1880 οὔδει
1291 1831 1482 1890 ἐρείσθη.
1519 1831 1581 1887 ψ,
1620 1834 1744 1879 283:
1781 1836 1903 1884 οὔδεϊ
1934 1837 1982 1885 δέ

175 1917 286 1978 σφιν
319 1922 500 1978 χαῖται
533 1914 828 1975 ἐρηρέδαται.

301 2035 381 2082 Vs.
417 2037 490 2080 68.
643 2031 727 2083 οὔθ’
763 2036 1030 2083 ὑποκλαίων
1066 2035 1154 2082 οὔθ’
1192 2037 1455 2095 ὑπολείβων

641 2119 748 2167 οὔτε
782 2119 985 2179 δακρύων
1019 2119 1199 2178 ἀπύρων
1233 2121 1358 2177 ἱερῶν

641 2204 781 2264 ὄργας
817 2204 999 2259 ἀτενεῖς
1035 2200 1345 2263 παραθέλξει.

170 2330 293 2378 Illud
338 2333 603 2382 ὑποκλαίων
648 2335 702 2378 ut
745 2333 1044 2392 ταυτολόγον
1096 2331 1309 2395 sequenti
1358 2332 1497 2379 verbo
1553 2334 1757 2394 δακρύων
1814 2333 1985 2380 multos

170 2415 374 2462 offendit.
413 2415 642 2462 Stanleius
667 2415 890 2479 approbat
913 2415 1112 2462 Turneb.
1137 2418 1422 2470 ὑποκλείων;
1458 2415 1541 2463 sed
1563 2422 1757 2474 κλείειν,
1782 2417 1985 2464 laudibus

171 2501 387 2547 celebrare
402 2537 413 2556 ‚
468 2499 532 2546 ita
582 2500 791 2547 absolute
840 2516 935 2547 non
986 2499 1186 2562 ponitur.
1253 2500 1471 2547 Pluribus
1524 2501 1675 2547 arrisit
1723 2501 1988 2563 conjectura

173 2582 432 2630 Casauboni
454 2586 681 2634 ὑποκαίων
709 2585 744 2644 (-
758 2586 923 2646 κείων),
962 2587 1147 2647 recepta
1171 2583 1308 2630 etiam
1331 2583 1593 2641 Dindorfio,
1617 2584 1837 2634 nimirum
1859 2587 1987 2651 quod

171 2667 284 2714 haec
323 2668 410 2714 tria
447 2667 600 2731 aptius
641 2669 942 2731 copulentur:
984 2669 1206 2731 saerifioia
1224 2707 1235 2725 ,
1277 2669 1509 2717 libationes
1526 2707 1537 2727 ‚
1575 2671 1793 2719 lacrimae.
1849 2672 1991 2719 Fran-

171 2750 270 2798 zius
323 2767 406 2814 pro
456 2752 543 2798 hoc
596 2751 726 2798 dedit
775 2753 1003 2802 ὑποδαίων
1021 2790 1031 2807 ,
1083 2751 1208 2815 quod
1263 2751 1321 2798 de
1374 2754 1642 2815 suffimentis
1693 2755 1989 2818 intelligatur.

171 2835 467 2883 Hermannus
500 2853 638 2894 vero,
673 2842 725 2884 ut
752 2837 847 2898 jam
880 2837 1008 2900 prius
1043 2837 1256 2894 Paleius‚
1298 2842 1476 2885 servato
1517 2841 1815 2898 ὑποκλαίων,
1852 2841 1991 2888 verba

175 2921 283 2971 οὔτε
331 2924 532 2983 δακρύων
568 2927 789 2987 tanquam
827 2922 965 2983 hujus
1004 2922 1428 2986 interpretationem
1465 2922 1608 2984 ejecit.
1678 2923 1847 2971 Omnia
1877 2926 1991 2973 haee

176 3006 408 3068 speciosa;
442 3024 554 3054 num
588 3024 725 3064 vera,
765 3007 1119 3071 dispiciendum.
1170 3007 1405 3056 Primum.
1441 3025 1500 3055 ne
1526 3008 1674 3055 dicam
1694 3047 1705 3065 ,
1730 3009 1856 3073 quod
1879 3027 1993 3057 non-

175 3091 314 3138 nullis
347 3092 537 3140 fortasse
570 3093 818 3140 ridiculum
849 3092 1091 3149 videatur,
1127 3095 1393 3143 ὑποκλαίων
1430 3097 1475 3140 et
1523 3095 1787 3155 ὑπολείβων
1820 3095 1878 3141 01)
1912 3095 1994 3142 ite-

177 3177 321 3222 ratam
357 3176 535 3223 literam
572 3176 796 3240 liquidam
835 3176 1022 3223 suavius
1061 3177 1201 3223 fiuere
1239 3192 1378 3239 quam
1413 3179 1643 3227 ὑποκαίων
1663 3215 1675 3235 ,
1709 3194 1804 3225 non
1841 3195 1995 3226 assen-

177 3257 267 3304 tior
314 3259 364 3306 in
414 3260 564 3308 verbis
609 3264 877 3311 ὑποκλαίων
913 3265 958 3307 et
991 3262 1192 3321 δακρύων
1229 3260 1528 3321 tautologiam
1565 3277 1663 3308 esse
1706 3278 1856 3326 neque
1887 3268 1993 3326 apte

179 3342 383 3404 copulari
430 3345 542 3392 haec
589 3346 706 3403 tria,
746 3348 936 3393 lamenta
991 3346 1052 3406 (h.
1092 3361 1132 3392 e.
1161 3345 1337 3391 flebiles
1370 3348 1549 3408 preces)
1568 3383 1580 3403 ,
1631 3347 1885 3405 libationes,
1932 3350 1995 3394 la-

182 3427 354 3475 crimas.
418 3429 597 3478 Libatio
645 3431 753 3478 addi
793 3431 887 3478 fere
941 3430 1123 3477 solebat
1161 3429 1404 3492 precibUS,
1447 3434 1668 3494 erantque
1707 3431 1820 3478 haee
1863 3431 1996 3494 quasi

179 3509 418 3558 familiaria
451 3517 496 3560 et
531 3515 796 3578 quotidiana
830 3531 978 3572 saera,
1013 3514 1182 3578 quibus
1215 3513 1324 3560 deos
1357 3513 1407 3561 in
1443 3514 1581 3561 rebus
1614 3515 1814 3562 adversis
1847 3516 1996 3578 placa-

182 3598 301 3642 rent.
368 3595 520 3660 Atque
554 3598 731 3646 etiamsi
767 3599 827 3647 sit
858 3600 909 3647 in
946 3616 999 3646 eo
1036 3599 1188 3663 aliqua
1223 3598 1503 3646 abundantia
1521 3637 1531 3655 ‚
1566 3599 1679 3646 haec
1714 3604 1868 3648 tamen
1902 3616 1994 3646 non
