2340 3958
970 168 1440 216 ΑΓΑΜΕΜΝΩΝ.
2045 155 2110 203 61

637 331 774 394 μόνος
814 329 851 382 δ’
892 329 1186 391 Ὀδυσσεὺς,
1226 325 1364 395 όςπερ
1403 329 1498 392 οὐχ
1538 325 1648 378 ἑκὼν
1688 324 1854 384 ἔπλει,

636 438 849 505 ζευχθεὶς
888 436 1071 503 ἕτοιμος
1110 434 1163 498 ἦν
1203 437 1304 502 ἐμοὶ
1346 436 1651 505 σειραφόρος,

635 547 722 602 εἴτ’
760 546 836 602 οὖν
875 547 1088 606 θανόντος
1130 545 1228 600 εἴτε
1266 546 1348 600 καὶ
1389 546 1553 612 ζῶντος
1595 544 1697 610 πέρι

634 657 779 720 λέγω.
830 658 898 710 τα
937 655 975 708 δ’
1014 655 1154 708 ἄλλα
1190 655 1303 722 πρὸς
1343 656 1482 708 πόλιν
1514 675 1570 707 τε
1609 653 1691 706 καὶ
1739 651 1893 713 θεοὺς,

305 767 406 817 755

632 766 805 824 κοινοὺς
843 767 1040 829 οέγῶνας
1078 766 1255 828 θέντες,
1295 767 1342 818 ἐν
1381 764 1644 830 πανηγύρει

2037 778 2114 815 845

633 873 1055 937 βουλευσόμεσθα’
1098 875 1180 927 καὶ
1220 874 1275 927 τὸ
1315 874 1404 938 μὲν
1442 878 1603 932 καλῶς
1642 871 1755 938 ἔχον

635 982 759 1043 ὅπως
799 984 1008 1051 χρονίζον
1047 982 1101 1038 εὖ
1137 990 1278 1050 μενεῖ
1310 984 1628 1048 βουλευτέον,

638 1094 728 1161 ὅτῳ
768 1095 815 1148 δὲ
852 1095 935 1148 καὶ
977 1095 1050 1148 δεῖ
1083 1094 1357 1164 φαρμάκων
1395 1094 1657 1156 παιωνίων,

639 1207 737 1268 ἤτοι
776 1206 972 1265 κέαντες
1011 1206 1038 1268 ἢ
1077 1206 1305 1270 τεμόντες
1341 1205 1576 1273 εὐφρόνως

304 1318 406 1367 760

635 1316 993 1383 πειρασόμεσθα
1031 1319 1156 1381 πῆμ’
1194 1316 1501 1383 ἀποστρέψαι
1542 1315 1695 1368 νόσου.

2044 1331 2122 1370 850

635 1429 715 1478 νῦν
753 1425 791 1477 δ’
829 1425 876 1484 ἐς
914 1426 1134 1491 μέλαθρα
1171 1426 1253 1479 καὶ
1294 1426 1464 1490 δόμους
1503 1424 1755 1494 ἐφεστίους

644 1537 784 1589 ἐλθὼν
822 1536 962 1590 θύοισι
1003 1541 1172 1603 πρῶτα
1210 1535 1492 1601 δεξιώσομαι

638 1642 764 1710 οἵπερ
803 1645 959 1712 πρόσω
999 1645 1292 1712 πέμψαντες
1334 1647 1526 1710 ἤγαγον
1565 1644 1728 1699 πάλιν.

640 1754 740 1816 νίκη
781 1754 818 1807 δ’
858 1756 1052 1823 ἐπείπερ
1090 1754 1272 1820 ἕσπετ’,
1314 1757 1531 1821 ἐμπέδως
1571 1756 1715 1821 μένοι.

914 1988 1524 2035 ΚΛΤΤΑΙΜΝΗΣΤΡΑ.

306 2206 409 2256 765

628 2202 826 2270 ’Ἄνδρες
865 2210 1090 2267 πολῖται,
1131 2203 1338 2270 πρέσβος
1377 2202 1606 2269 Ἀργείων
1645 2201 1783 2262 τόδε,

2039 2221 2117 2261 855

635 2314 719 2365 οὐκ
756 2315 1084 2380 αἰσχυνοῦμαι
1122 2314 1232 2373 τοὺς
1272 2313 1539 2382 φιλάνορας
1575 2312 1774 2380 τρόπους

637 2422 776 2487 λέξαι
815 2424 927 2491 πρὸς
966 2426 1124 2490 ὑμᾶς·
1165 2426 1211 2478 ἐν
1250 2424 1407 2491 χρόνῳ
1442 2422 1479 2476 δ”
1518 2422 1770 2490 ἀποφθίνει

637 2533 692 2587 τὸ
728 2533 911 2600 τάρβος
949 2535 1260 2603 ἀνθρώποισιν.
1297 2537 1382 2589 οὐκ
1419 2533 1585 2588 ἄλλων
1623 2532 1760 2601 παρα

305 2685 355 2725 V.
383 2685 477 2728 760.
506 2693 683 2740 πήματος
707 2691 848 2743 τρέψαι
875 2693 989 2729 νόσον.
1050 2687 1143 2731 762.
1175 2691 1287 2729 ἐλθὼν
1317 2692 1445 2729 θεοῖσι.

360 2813 454 2855 752.
487 2818 655 2870 ζευχθεὶς
668 2848 682 2869 ,
702 2821 904 2869 postquam
920 2817 1162 2868 curruijun-

307 2885 391 2922 ctus
418 2887 496 2930 est,
537 2897 655 2935 quum
693 2883 810 2923 semel
835 2883 1011 2924 militiam
1039 2897 1165 2924 susce-

306 2948 387 3001 pit3
426 2952 642 3003 oppositum
684 2952 756 2991 hoc
789 2964 1012 3005 praegresso
1055 2955 1171 3009 ὅςπερ

308 3018 376 3071 οὐχ
403 3019 492 3058 ἑκὼν
516 3022 635 3061 ἔπλει.
666 3043 720 3049 --
748 3025 998 3077 σειραφόρος,
1034 3034 1168 3073 quam-

309 3096 425 3136 quam
451 3087 607 3140 proprie
630 3088 701 3127 hoc
725 3088 864 3128 dicitur
879 3089 924 3127 de
939 3089 1044 3140 equis
1059 3089 1168 3128 funa-

311 3151 400 3199 riis,
442 3153 509 3205 qui
549 3154 596 3194 ab
639 3158 798 3207 utraque
835 3156 922 3208 jugi
949 3165 1060 3208 parte
1089 3155 1172 3196 loro

313 3217 480 3269 adjuncti
499 3225 589 3262 sunt
617 3223 722 3273 (Vid.
742 3223 925 3272 Blomfi),
954 3227 1083 3264 tamen
1109 3224 1172 3264 hic

315 3284 369 3324 nil
408 3287 481 3327 nisi
519 3292 717 3331 strenuum
773 3293 914 3344 σύζυγα
970 3292 1171 3344 significat.

318 3352 406 3391 Hoc
431 3366 543 3395 sensu
569 3357 775 3410 Sophocles
806 3359 865 3398 El.
893 3359 973 3401 712
1003 3359 1049 3398 de
1077 3359 1173 3410 bigis

317 3417 474 3470 loquens
508 3422 620 3464 dicit:
661 3427 777 3474 δεξιὸν
816 3425 848 3467 δ’
875 3430 973 3473 ἀνεὶς
1013 3433 1177 3483 σειραῖον

320 3488 452 3536 ἵππον,
491 3491 529 3528 et
562 3490 608 3530 ab
635 3495 765 3534 eodem
793 3496 940 3548 tropice
965 3494 1083 3549 ’'Ap-ras
1113 3496 1175 3536 δε-

321 3555 499 3610 ξιόσειρος
526 3557 661 3600 dicitur
688 3563 781 3602 Ant.
809 3577 866 3603 vs.
899 3564 990 3603 140.

1301 2817 1395 2859 759.
1426 2822 1509 2864 ἤτοι
1537 2822 1687 2863 κέαντες
1715 2820 1739 2863 ἣ
1770 2822 1962 2869 τεμόντες.
1998 2815 2118 2855 Vetus

1246 2885 1340 2924 haec
1382 2885 1455 2924 fuit
1499 2885 1684 2924 medicina
1701 2916 1711 2931 ,
1758 2897 1872 2924 urere
1910 2889 1948 2924 et
1976 2896 2118 2923 secare.

1253 2952 1341 2992 Vid.
1386 2951 1559 2992 Pierson.
1603 2952 1649 2991 ad
1692 2953 1821 2992 Moer.
1865 2966 1901 3005 p.
1920 2952 2023 2998 231,
2053 2950 2120 3003 qui

1250 3021 1353 3059 hune
1380 3018 1508 3058 locum
1535 3019 1675 3072 tangit.
1705 3019 1882 3060 Boisson.
1912 3020 1959 3059 ad
1987 3020 2029 3059 h.
2047 3019 2077 3059 l.

1307 3087 1401 3130 763.
1432 3089 1540 3135 οἵπερ
1568 3093 1698 3144 πρόσω
1721 3093 1966 3143 πέμψαντες,
1994 3086 2120 3127 intell.

1251 3169 1345 3207 quos
1374 3155 1518 3194 Praeco
1548 3168 1663 3208 supra
1678 3158 1828 3197 vs.513
1844 3170 1927 3209 sqq.
1941 3157 2117 3196 invocat:

1254 3225 1376 3269 θεοὺς.
1395 3256 1404 3264 .
1424 3256 1432 3263 .
1465 3227 1565 3279 ἥρως
1592 3240 1639 3264 τε
1667 3225 1751 3271 τοὺς
1766 3228 1985 3278 πέμψαντες
2000 3225 2119 3276 εὐμέ-

1252 3298 1323 3338 νεῖς
1349 3294 1462 3332 πάλιν
1489 3295 1652 3348 στρατὸν
1682 3293 1876 3345 δέχεσθαι.

1308 3361 1402 3402 765.
1445 3359 1773 3412 Clytaemnestrae
1811 3362 1905 3400 haec
1941 3359 2120 3399 allocutio

1255 3430 1312 3467 est
1353 3427 1544 3480 specimen
1586 3428 1769 3468 orationis
1806 3427 1999 3467 rhetorica
2039 3428 2122 3466 arte

1256 3495 1508 3548 compositae,
1539 3495 1639 3547 quod
1660 3495 1932 3548 peritissimum
1962 3494 2121 3534 causidi-

1258 3575 1344 3601 cum
1372 3562 1472 3602 haud
1502 3562 1712 3604 dedeceret.
