2306 3944
772 201 841 248 IN
873 197 1391 247 AGAMEMNONEM.
1894 202 1986 246 239

179 355 314 416 Pejus
360 357 428 400 cst
469 352 594 416 quod
629 351 924 398 Hermannus
958 348 1084 395 dedit
1119 350 1322 411 εὔχομαι
1361 350 1402 398 δ’
1436 346 1523 398 ἀπ’
1556 349 1675 409 ἐμᾶς
1705 353 1757 399 τῦ
1787 355 1878 399 πᾶν
1901 352 1989 400 ἐλ-

178 439 308 490 πίδος
352 439 467 492 ψύθη
516 439 682 486 πεσεῖν.
752 435 893 498 Quod
927 437 1082 482 autem
1115 438 1282 496 putant
1317 432 1372 495 ἐξ
1407 433 1632 493 ἐλπίδος,
1671 434 1756 483 ἀπ’
1793 434 1987 491 ἐλπίδος

180 523 271 570 dici
304 539 387 585 pro
409 527 596 583 praeter
627 537 741 584 spem,
774 536 808 567 s.
844 534 963 567 secus
989 534 1118 581 quam
1146 517 1242 580 quie
1256 519 1469 580 futurum
1484 516 1686 578 putavit,
1715 521 1768 564 ut
1791 518 1992 581 explica-t

176 606 470 653 Hermannus
486 643 498 662 ,
524 604 575 651 id
598 619 889 670 nequaqnam
923 601 1118 649 efficitur
1152 601 1376 665 exemplis
1409 601 1466 648 ab
1500 600 1582 648 illo
1617 601 1791 659 citatis3
1823 600 1991 648 dicitur

179 707 262 754 pro
301 689 387 736 hoc
428 683 535 749 παρ’
567 688 745 738 ἐλπῖἓα
777 686 851 734 vel
885 686 1027 742 ἕκτος
1062 685 1275 741 §masaa
1330 685 1622 732 Postremum
1652 685 1741 732 hoc
1779 684 1990 748 reposui,

179 773 306 838 quod
327 772 540 820 facillime
573 771 622 818 in
656 770 712 831 ἐξ
746 773 987 817 mutatum.
1041 769 1109 816 Cf.
1146 769 1284 831 Soph.
1319 769 1427 816 Ant.
1465 772 1577 816 330:
1624 770 1765 828 ἔκτὸς
1794 769 1990 826 ἐλπίδος

180 858 361 920 γνώμης
395 857 441 906 τ’
471 857 582 916 ἐμῆς
611 859 781 913 σωθείς.

243 940 482 988 Proximae
517 938 703 1001 stropha
738 941 784 985 et
818 937 1105 1001 antistropha
1139 936 1345 984 numeris
1379 953 1473 984 non
1508 938 1814 995 conveniunt,
1864 937 1991 986 unde

179 1020 388 1088 apertum
433 1025 503 1069 est
543 1021 616 1069 vel
655 1022 703 1068 in
754 1021 897 1068 altero
937 1021 1011 1068 vel
1051 1021 1100 1068 in
1145 1024 1341 1084 utroque
1384 1020 1560 1084 aliquid
1601 1026 1841 1085 peccatum
1878 1038 1990 1070 esse.

178 1107 427 1170 Utriusque
461 1105 644 1153 initium
678 1105 743 1153 sic
781 1122 829 1152 se
866 1104 1028 1153 habet:

912 1245 1062 1292 στροφῆ.

244 1312 322 1361 Vs.
359 1315 466 1359 906.
599 1316 740 1372 „asim
773 1316 863 1373 wip
899 1332 972 1361 τοι
1009 1318 1098 1369 τῖες
1134 1319 1327 1370 πολλᾶς
1361 1315 1542 1374 ὑγιείας

672 1397 925 1455 ἀκόρεστον
962 1399 1143 1456 τέρμα·
1179 1397 1307 1453 νόσος
1343 1400 1432 1456 γαρ

676 1482 843 1538 γείτων
874 1477 1127 1538 ὁμότοιχος
1161 1477 1341 1539 ἐρεῑδει.

890 1594 1133 1641 ἇντιστροφῆ.

246 1659 322 1707 Vs.
359 1662 467 1708 919.
604 1663 657 1709 τῗι
693 1659 734 1708 δ’
767 1662 845 1709 ἐπὶ
881 1667 969 1722 γῖιν
1004 1666 1143 1711 vrso-bv
1175 1659 1313 1722 ἅπαξ
1349 1663 1593 1722 Θανάσιμον

675 1742 935 1805 προπάροιθ’
971 1744 1134 1805 ἀνδρὸς
1168 1749 1324 1805 μέλαν
1359 1742 1481 1804 αἷμα
1516 1748 1588 1802 τίς
1623 1745 1678 1793 ἲιν

676 1829 826 1874 πάλιν
861 1826 1193 1886 ἀγκαλέσαιτ’
1229 1826 1473 1875 ἐπαείδων.

175 1938 400 2002 Strophae
433 1954 615 1986 versum
647 1939 849 2002 primum
882 1940 1093 1987 vitiatum
1128 1956 1252 1996 esse,
1287 1940 1326 1986 si
1362 1955 1467 1987 cum
1495 1955 1630 1987 versu
1659 1940 1990 2006 antistrophico

178 2027 484 2086 comparetur,
529 2022 738 2087 quisquis
784 2023 928 2085 digito
979 2028 1024 2071 et
1074 2040 1183 2071 aure
1229 2024 1372 2081 valet,
1418 2025 1539 2071 ultro
1575 2030 1806 2086 agnoscat.
1877 2028 1996 2075 Scri-

177 2110 314 2170 ptura
361 2106 570 2170 paullum
619 2106 757 2154 modo
809 2107 966 2156 variat.
1029 2108 1119 2155 Pro
1155 2112 1245 2171 γόιρ
1280 2111 1479 2155 metrum
1512 2108 1663 2171 poscit
1696 2109 1824 2173 quod
1859 2111 1998 2159 habet

179 2191 313 2239 Farn.
354 2212 439 2254 γε,
491 2190 660 2238 omisso
693 2194 849 2240 tamen
882 2191 1009 2257 quod
1043 2192 1171 2240 idem
1203 2191 1336 2240 addit
1367 2193 1440 2247 δή.
1503 2192 1687 2240 Deinde
1730 2199 1822 2253 τᾶς
1872 2207 1993 2248 πολ.

183 2280 273 2332 Aac
322 2275 532 2337 ὑγιείας,
585 2274 711 2338 quod
762 2292 848 2323 nec
901 2276 1087 2339 elegans
1137 2280 1208 2324 est
1259 2281 1306 2324 et
1355 2280 1503 2324 metro
1555 2277 1844 2336 adversatur,
1895 2297 1996 2327 mu-

181 2357 374 2405 tandum
404 2361 562 2408 censui
593 2361 643 2408 in
680 2365 734 2411 το
771 2367 965 2422 ποτνίας
1000 2366 1180 2425 ὑγιείας
1214 2364 1440 2424 (τέρμα),
1476 2364 1540 2411 ita
1565 2368 1617 2411 ut
1645 2364 1794 2428 prima
1819 2366 1994 2429 syllaba

181 2441 307 2488 vocis
339 2448 533 2504 ποτνίας
568 2449 613 2492 et
644 2447 899 2509 penultima
922 2464 962 2495 v.
986 2453 1169 2512 ὑγιείαις
1195 2448 1500 2512 corripiantur
1533 2449 1551 2509 (
1555 2482 1942 2499 ψψψψψψψ
1949 2455 1992 2515 ),

182 2527 308 2590 quod
352 2529 563 2576 concedit
599 2530 827 2593 prosodia.
897 2533 920 2588 ἧ
967 2538 1128 2587 πολλῆ
1181 2534 1340 2594 ὑγίεια
1386 2532 1642 2595 explicatur
1689 2535 1822 2589 v‘ys’w'
1855 2537 1992 2596 ἒὶκρον

182 2611 366 2674 εὐεξία,
417 2617 470 2660 ut
521 2630 639 2677 quae
697 2615 920 2675 σφαλερὰ
972 2614 1141 2661 dicitur
1198 2616 1255 2661 ab
1313 2615 1611 2679 Hippocrate.
1688 2618 1760 2663 lta
1810 2617 1994 2665 boisse-

181 2697 360 2745 nadius.
429 2697 520 2745 Sed
554 2698 639 2745 hoc
682 2698 784 2744 loco
817 2715 912 2745 non
951 2698 1009 2745 de
1053 2698 1316 2746 abundante
1351 2699 1545 2746 sanitate
1579 2716 1728 2748 sermo
1764 2704 1853 2758 est,
1908 2702 1993 2749 sed

180 2785 359 2828 tantum
400 2784 557 2844 ὑγίεια
600 2786 645 2828 et
689 2783 814 2841 νόσος
848 2783 937 2829 sibi
981 2787 1292 2846 opponuntur.
1361 2788 1534 2833 ποτνὶα
1567 2788 1637 2831 est
1673 2786 1991 2848 praedicatum

183 2868 313 2916 divae
363 2871 522 2930 ὑγιεία
571 2869 707 2932 plane
761 2868 1053 2916 conveniens.
1119 2868 1289 2914 Parum
1339 2868 1453 2914 felix
1501 2869 1706 2931 profecto
1758 2875 1828 2917 est
1875 2871 1992 2919 Her-

180 2953 337 3000 manni
381 2958 689 3001 commentum
724 2957 778 3003 το
813 2955 985 3009 πολέος
1021 2951 1068 3013 γ’
1108 2951 1284 3012 ὑγίῖας.
1346 2952 1588 2999 Praeterea
1619 2969 1704 3016 pro
1739 2956 1990 3017 ἀκόρεστον

138 3034 141 3036 ’
183 3039 376 3099 (τέρμα)
408 3038 523 3085 ratio
568 3039 799 3102 postulare
842 3037 1025 3085 videtur
1060 3037 1303 3097 ἀόριστονε
1354 3053 1439 3084 non
1473 3037 1677 3099 definitus
1710 3038 1754 3086 h.
1779 3056 1817 3086 e.
1853 3042 1994 3088 incer-

184 3126 253 3168 tus
286 3127 347 3169 est
380 3123 511 3170 bonae
541 3123 802 3170 valetudinis
835 3122 1044 3169 terminus
1062 3144 1076 3167 .·
1130 3138 1367 3185 „namque
1420 3122 1492 3182 (ut
1528 3122 1673 3184 addit)
1735 3123 1913 3171 vicinus
1949 3124 1990 3171 ei

183 3206 357 3253 habitat
403 3207 633 3254 morbus.''
699 3208 974 3268 ἀκόρεστον,
1007 3206 1284 3263 insatiabile,
1319 3210 1442 3253 recte
1481 3206 1651 3254 dicitur
1686 3207 1989 3266 desiderium,

187 3306 332 3347 amor,
362 3291 534 3348 luctus,
556 3307 794 3348 aerumna,
828 3292 1046 3348 felicitas,
1081 3307 1198 3354 quae
1234 3291 1409 3354 expleri
1431 3296 1683 3355 nequeant3
1719 3292 1803 3340 sed
1837 3296 1991 3354 τέρμα

189 3377 436 3436 ἀκόρεστον
466 3375 621 3439 inepte
655 3376 851 3433 dictum3
884 3393 1035 3439 neque
1067 3375 1213 3437 magis
1237 3377 1490 3437 ἀκόρεστος
1525 3376 1617 3424 dici
1644 3381 1796 3440 potest
1815 3381 1985 3440 ὑγίειαε

189 3458 395 3505 sanitatis
429 3459 550 3507 enim
582 3465 650 3509 est
683 3466 806 3509 certa
839 3461 971 3525 quasi
1005 3477 1222 3508 mensura
1255 3466 1496 3525 certusque
1530 3462 1655 3519 finis,
1700 3478 1838 3526 quem
1871 3463 1993 3508 ultra

190 3541 392 3605 citraque
434 3544 678 3593 consistere
722 3546 896 3609 nequit.
962 3546 1052 3592 Pro
1088 3536 1303 3606 ἀόριστον
1346 3549 1501 3592 autem
1535 3546 1574 3593 si
1610 3546 1685 3593 cui
1718 3546 1863 3608 magis
1898 3546 1992 3609 pla-

191 3629 290 3672 ceat
341 3642 644 3690 synonymum
695 3631 985 3699 ἀπέραντον,
1041 3645 1134 3676 non
1186 3630 1329 3677 obsto.
1399 3629 1613 3677 Ceterum
1666 3630 1785 3678 bona
1837 3630 1991 3676 charta
