2340 3958
915 216 1381 264 ΑΓΑΜΕΜΝΩΝ.
1723 215 1726 219 ’
1791 209 1800 219 “
1979 205 2049 253 93

507 378 558 430 δ’.
597 379 691 441 ἐγὼ
729 377 816 442 μὲν
856 378 967 442 ὑμῖν
1007 378 1093 438 τὴν
1131 377 1250 442 ἐμὴν
1289 375 1483 440 γνώμην
1522 374 1652 437 λέγω
1674 416 1688 435 ,

601 488 714 555 πρὸς
753 487 892 551 δῶμα
930 487 1050 553 δεῦρ’
1089 490 1278 541 οὶστοῖσι
1315 485 1559 551 κηρύσσειν
1596 483 1726 549 βοήν.

314 606 457 651 ΧΟΡ.
499 598 550 650 ε’.
590 596 693 660 ἐμοὶ
728 597 768 649 δ’
807 594 932 655 ὅπως
970 595 1198 663 τάχιστα
1230 599 1282 659 γ’
1320 598 1551 660 ἐμπεσεῖν
1590 595 1719 648 δοκεῖ
1941 607 2047 648 1350

234 709 374 758 1240
600 706 682 758 καὶ
723 707 923 770 πρᾶγμ’
964 705 1192 771 ἐλέγχειν
1229 704 1316 767 ξὺν
1354 705 1573 771 νεορρύτῳ
1611 703 1757 772 ξίφει.

501 815 560 870 ς’.
599 815 737 877 κοὲγὼ
775 814 982 866 τοιούτου
1027 814 1286 877 γνώματος
1325 814 1530 873 κοινωνὸς
1570 813 1630 866 ὢν

600 921 907 991 ψηφίζομαι·
947 921 1001 974 τὸ
1042 921 1152 988 δροῖν
1190 943 1270 984 τι,
1311 924 1380 987 μὴ
1419 923 1619 987 μέλλειν
1651 921 1691 974 δ’
1730 921 1883 984 dum.

507 1033 562 1100 ζ’.
601 1034 710 1099 ὄροῖν
753 1030 987 1099 ποὲρεστι·
1028 1031 1393 1101 φροιμιάζονται
1431 1032 1529 1099 γαρ
1568 1034 1628 1091 ὡς

602 1142 866 1210 τυραννίδος
905 1148 1087 1207 σημεῖα
1125 1141 1420 1208 προέσσοντες
1458 1141 1610 1195 πόλει.
1950 1154 2054 1194 1355

235 1256 373 1306 1245
507 1255 563 1315 η’.
601 1252 876 1320 χρονίζομεν
913 1253 1035 1321 γαρ·
1077 1255 1116 1307 οἱ
1154 1254 1202 1306 δὲ
1238 1261 1326 1315 τῆς
1365 1256 1579 1319 μελλοῦς
1618 1251 1754 1310 κλέος

602 1362 730 1416 πέδοι
771 1367 1041 1422 πατοῦντες
1083 1364 1135 1415 οὐ
1175 1361 1476 1416 καθεύδουσιν
1512 1360 1636 1427 χερί.

516 1472 567 1524 θ’.
606 1474 690 1525 οὐκ
726 1467 834 1525 οἶδα
871 1471 1055 1535 βουλῆς
1096 1470 1272 1534 ἧςτινος
1310 1473 1472 1538 τυχὼν
1510 1471 1665 1534 λέγω·

602 1586 688 1634 τοῦ
726 1581 921 1647 δρῶντός
959 1581 1061 1634 ἔστι
1100 1582 1182 1635 καὶ
1223 1582 1278 1635 τὸ
1317 1581 1582 1645 βουλεῦσαι
1621 1579 1740 1646 πέρι.

232 1773 284 1813 V.
314 1772 433 1811 1243.
465 1774 672 1827 ψηφίζομαι
700 1776 745 1814 τὸ
773 1774 889 1829 δρᾶν,
922 1777 967 1815 τὸ
994 1779 1049 1827 μὴ
1077 1777 1185 1827 μέλλ.
1248 1773 1368 1813 1245.
1399 1782 1467 1820 τῆς
1494 1772 1701 1825 μελλούσης
1730 1773 1831 1815 κλέος
1862 1767 1922 1807 Fl.
1954 1772 2057 1822 μελ-

287 1847 416 1893 λούσης
440 1848 540 1891 κλέος
564 1845 596 1884 F
597 1858 682 1885 arn.
699 1853 767 1893 τῆς
781 1850 939 1899 μελλοῦς
953 1847 1137 1900 Tryphon
1154 1850 1192 1886 et
1207 1845 1499 1898 Moschopulus.
1554 1844 1675 1884 1246.
1704 1844 1813 1885 πέδον
1838 1847 2054 1890 πατοῦντες.

289 1984 409 2026 1240.
439 1986 501 2031 ξὺν
528 1987 712 2042 νεορρὺτῳ
741 1988 851 2040 ξίφει.
904 1992 1100 2044 νεόρρυτος

232 2052 295 2092 hie
331 2065 408 2092 non
446 2053 660 2093 derivatum
700 2067 721 2093 a
748 2057 825 2109 ῥέω
865 2060 954 2107 (quo
985 2068 1098 2095 seusu

234 2118 440 2172 Sophocles
484 2120 545 2160 El.
589 2121 670 2160 882
715 2123 933 2177 νεορρύτους
974 2126 1098 2175 πηγὰς

233 2189 457 2239 γαλακτός),
488 2187 552 2227 sed
574 2187 620 2227 ab
649 2190 757 2245 ἐρύω.
819 2191 954 2230 Priore
978 2190 1096 2242 signi-

231 2256 406 2295 ficatione
443 2254 556 2295 habet
591 2273 612 2297 υ
639 2256 774 2302 breve,
817 2256 937 2296 altera
966 2274 987 2298 υ
1013 2257 1096 2296 lon-

233 2336 348 2376 gum,
379 2322 476 2362 sicut
504 2324 603 2376 perf.
634 2327 791 2380 εἵρυμαι
820 2328 858 2363 et
884 2324 972 2363 inde
987 2325 1100 2364 ducta

230 2390 413 2430 voeabula
454 2394 577 2448 ῥυτήρ
615 2392 767 2442 (lorum)
798 2394 836 2431 et
871 2393 1011 2448 ῥύσιον.
1041 2415 1099 2422 -

233 2459 417 2514 νεορρὺτῳ
444 2460 568 2514 ξίφει,
607 2458 648 2497 h.
679 2471 713 2498 e.
757 2458 882 2511 gladio
923 2460 988 2511 qui
1031 2472 1100 2512 per

231 2524 391 2578 longum
431 2529 584 2578 tempus
622 2523 663 2564 in
682 2526 830 2577 'vagina
863 2525 1007 2565 recludi
1037 2539 1097 2566 so-

231 2591 342 2639 litus,
372 2605 475 2631 nune
503 2593 627 2632 denuo
653 2593 898 2645 stringendus
931 2596 1026 2634 erat.

290 2660 395 2699 1243
423 2673 480 2712 sq.
509 2662 602 2717 ὁρᾶν
628 2666 819 2716 πάρεστι,
837 2675 975 2714 nempe
999 2662 1100 2713 quod

232 2727 403 2779 sequitur
460 2733 755 2784 φροιμιάζονται
799 2732 847 2776 ὡς
888 2730 1100 2786 τυραννίδος

236 2802 378 2849 σημεῖα
403 2800 652 2852 πράσσοντες.
686 2798 814 2849 itaque
843 2802 922 2853 γὰρ
949 2802 1006 2837 est
1034 2811 1098 2837 ex-

232 2863 467 2916 plicativum.
508 2864 697 2904 Nonnulli
722 2864 949 2905 dubitarunt
963 2879 1011 2905 an
1026 2865 1100 2905 diei

232 2931 352 2984 possit
380 2938 523 2985 σημεῖα
551 2937 758 2988 πράσσειν,
805 2933 905 2972 unde
933 2933 980 2972 ad
1008 2946 1098 2973 con-

231 3000 374 3038 tortam
388 3001 646 3053 confugerunt
673 3000 879 3040 verborum
906 3001 1096 3053 interpre-

231 3066 429 3106 tationem.
459 3068 519 3106 Ad
536 3068 668 3119 quidni
682 3069 755 3107 hoc
770 3082 887 3120 aeque
902 3069 974 3108 dici
991 3069 1099 3108 licuit

233 3136 347 3185 atque
374 3148 432 3174 ex.
462 3148 522 3187 gr.
551 3136 624 3174 hoe
652 3136 791 3175 Aeseh.
822 3135 959 3189 Suppl.
993 3137 1100 3176 268:

234 3203 372 3244 τοῦτων
398 3207 472 3250 ἄκη
499 3210 647 3256 τομαῖα
676 3207 738 3245 καὶ
755 3207 916 3261 λυτήρια
935 3207 1098 3261 πράξας.

234 3269 296 3308 vel
331 3271 404 3310 hoc
441 3271 623 3324 Sophocl.
654 3272 751 3310 Oed.
783 3273 831 3310 R.
864 3273 940 3311 68:
970 3276 1013 3318 ἢν
1041 3273 1104 3313 εὕ-

235 3353 362 3393 ρισκον
390 3341 486 3380 ἴασιν
515 3345 652 3392 μόνην,
688 3341 830 3386 ταύτην
855 3342 1021 3396 ἔπραξα.
1049 3362 1104 3368 -

239 3410 380 3456 σημεῖα
403 3410 460 3445 est
486 3407 711 3446 vocabulum
739 3408 968 3447 conveniens
987 3405 1102 3447 verbo

238 3477 539 3528 φροιμιάζονται.
581 3476 683 3514 Nam
699 3479 998 3531 φροιμιάζεσθοιι
1013 3487 1101 3527 pro-

237 3540 322 3592 prie
362 3541 501 3580 dieitur
541 3542 686 3582 eithara
725 3557 821 3594 quae
849 3541 1104 3596 praeludendo

238 3608 390 3660 signum
428 3612 607 3661 (σημεῖον)
645 3611 709 3650 dat
737 3611 959 3651 saltationis.
1014 3609 1104 3649 Vid.

1179 1986 1369 2026 Pindarus
1401 1985 1512 2037 Pyth.
1533 1985 1555 2023 I
1570 1996 1632 2036 pr.
1674 1983 1737 2023 Sic
1758 1983 1814 2023 illi
1830 1982 1932 2036 regis
1947 1981 2060 2022 caede

1179 2054 1289 2106 quasi
1328 2053 1565 2106 praeludunt
1602 2051 1799 2104 tyrannidi
1837 2051 1877 2091 in
1908 2050 2060 2090 civitate

1179 2122 1424 2162 exercendae.

1238 2189 1356 2228 1245.
1403 2196 1471 2237 τῆς
1515 2190 1673 2241 μελλοῦς
1712 2189 1813 2234 κλέος
1840 2187 1946 2228 πέδοι
1975 2201 2058 2228 πα-

1179 2261 1326 2304 τοῦντες
1351 2260 1406 2296 est
1434 2257 1612 2296 audacior
1637 2256 1775 2302 dictio,
1802 2255 1925 2306 qualis
1943 2254 1982 2293 in
1999 2255 2059 2293 fa-

1179 2326 1319 2364 miliari
1338 2337 1514 2364 sermone
1534 2323 1728 2362 interdum
1756 2322 1934 2375 usurpari
1949 2321 2060 2362 solet.

1179 2395 1306 2445 μελλὼ
1332 2405 1403 2446 pro
1439 2395 1618 2445 μέλλησις
1644 2394 1686 2430 ut
1718 2389 1850 2430 vocab.
1881 2391 2056 2442 Aeschy-

1179 2460 1281 2499 leum
1326 2462 1484 2499 notatur
1532 2473 1554 2498 a
1592 2458 1872 2511 grammaticis.
1915 2458 2057 2498 Herm.

1179 2527 1284 2566 Talia
1331 2530 1422 2567 sunt
1464 2534 1573 2579 κινώ,
1618 2530 1770 2576 πευθώ,
1823 2528 1868 2565 ut
1908 2525 2061 2565 notiora

1179 2595 1371 2634 omittam.

1238 2662 1358 2705 1247.
1399 2665 1462 2703 οὐκ
1491 2662 1575 2703 οἶδα
1601 2664 1741 2716 βουλῆς
1767 2661 1908 2708 ἧςτινος
1936 2664 2060 2714 τυχὼν

1180 2733 1295 2782 λέγω,
1326 2730 1366 2769 h.
1397 2742 1429 2768 e.
1459 2730 1557 2768 idem
1584 2742 1627 2768 ae
1651 2729 1682 2768 si
1707 2729 1848 2768 diceret
1881 2729 1944 2769 οὐκ
1972 2728 2059 2769 οἶδα

1180 2800 1315 2852 βουλὴν
1340 2802 1470 2844 ἥντινα
1492 2799 1605 2848 λέγων
1626 2798 1754 2850 τύχω,
1784 2795 1915 2835 nescio
1937 2808 2056 2849 quam

1179 2866 1414 2904 sententiam
1462 2864 1627 2904 dicendo
1673 2876 1829 2915 scopum,
1873 2866 2030 2914 tanqam
2045 2893 2057 2910 ‚

1181 2946 1212 2972 s.
1229 2936 1376 2971 rectum
1405 2931 1602 2971 consilium
1624 2931 1781 2970 daturus
1806 2930 1894 2971 sim.
1923 2929 2055 2983 Signi-

1182 3000 1395 3039 ficationem
1433 3000 1532 3038 hanc
1570 3013 1607 3039 v.
1650 3003 1846 3053 τυγχάνειν
1882 2997 2054 3038 animad-

1181 3067 1365 3108 vertimus
1406 3066 1447 3106 in
1483 3071 1564 3108 not.
1595 3067 1642 3106 ad
1672 3080 1729 3106 vs.
1766 3067 1886 3106 1123.
1911 3089 1966 3096 -—
1992 3069 2059 3108 τοῦ

1185 3136 1342 3192 δρῶντός
1369 3139 1451 3176 ἐστι
1479 3138 1542 3176 καὶ
1569 3138 1613 3176 τὸ
1647 3136 1849 3189 βουλεῦσαι
1877 3139 1970 3190 πέρι
2002 3135 2061 3172 est

1182 3203 1234 3242 id.
1263 3203 1363 3254 quod
1393 3206 1460 3244 τοῦ
1489 3203 1582 3247 δρᾶν
1610 3205 1673 3243 καὶ
1700 3205 1877 3258 περίεστι
1896 3205 1941 3243 τὸ
1958 3206 2055 3256 βου-

1184 3272 1342 3321 λεῦσαι,
1385 3270 1589 3310 eonsilium
1630 3272 1728 3310 dare
1754 3270 1874 3309 etiam
1908 3269 2060 3321 majus,

1184 3338 1391 3392 difficilius
1418 3343 1476 3378 est
1508 3351 1622 3390 quam
1651 3351 1782 3391 ayere.
1825 3338 1956 3389 Aeque
1986 3335 2063 3376 dici

1183 3405 1309 3458 potuit
1335 3409 1402 3446 τοῦ
1433 3406 1588 3462 δρῶντος
1610 3409 1783 3462 περίεστι
1808 3408 1852 3447 τὸ
1869 3406 2060 3459 βουλεῦον.

1186 3473 1250 3512 Sic
1280 3473 1523 3535 participium
1566 3478 1610 3515 τὸ
1639 3475 1735 3530 δρῶν
1762 3486 1832 3526 pro
1864 3477 1932 3514 τοῦ
1965 3474 2061 3528 δρά-

1186 3557 1331 3594 ματος,
1366 3541 1541 3590 actione,
1573 3542 1734 3594 ponitur
1760 3541 1799 3580 in
1821 3541 1942 3593 Soph.
1960 3539 2060 3579 Oed.

1188 3609 1232 3647 C.
1266 3609 1394 3648 1584:
1439 3612 1520 3650 ἐπεὶ
1551 3609 1589 3649 δὲ
1617 3611 1755 3655 παντὸς
1788 3608 1870 3662 εἶχε
1902 3608 2062 3663 δρῶντος
