2340 3958
916 149 1387 203 ΑΓΑΜΕΜΝΩΝ.
1991 145 2016 193 7
2029 144 2053 192 1

796 315 1000 378 κτησίων
1038 314 1191 378 γέμος
1231 311 1403 376 βαλὼν

794 427 1056 497 σφενδόνοις
1094 426 1186 478 ἀπ’
1213 422 1481 488 εὐμέτρου,
1528 462 1529 465 ¹
1561 436 1563 440 ’

242 653 346 702 915
420 616 422 619 ⁵

1958 439 2062 477 1010

803 538 886 589 οὐκ
924 534 1001 589 ἔδυ
1042 534 1233 601 πρόποις
1272 532 1413 597 δόμος

798 647 1024 709 πημονᾶς
1063 644 1230 707 γέμων
1267 641 1427 706 ἄγειν,

793 754 884 807 οὐδ’
925 753 1145 806 ἐπόντισε
1186 750 1391 818 σκάφος.

421 865 586 919 πολλά
607 885 675 918 τοι
698 863 823 923 δόσις
845 865 898 916 ἐκ
918 863 1033 922 Διὸς
1054 862 1367 929 ἀμφιλαφής
1387 882 1442 913 τε
1463 860 1544 913 not}
1566 859 1621 922 ἐξ
1639 858 1826 912 οὶλόκων
1846 859 2068 911 ἐπετειᾶν

803 982 962 1037 νῆστιν
1001 975 1177 1028 ὤλεσεν
1217 973 1377 1027 νόσον·

582 1089 638 1142 τὸ
672 1089 711 1141 δ’
749 1088 829 1140 ε’πὶ
869 1094 944 1157 γᾷ
984 1086 1131 1140 πεσὸν
1170 1083 1315 1147 ἅπαξ
1353 1082 1614 1146 θανάσιμον

247 1205 351 1254 920
386 1257 388 1259 ,

660 1197 928 1266 προπάροιθ’
967 1197 1132 1263 ἀνδρὸς
1171 1195 1331 1261 μέλοιν
1370 1190 1502 1258 οιῖμοι

1905 1106 1986 1143 ἀντ.
2012 1101 2068 1156 β.

1968 1212 2076 1251 1020

666 1310 739 1368 τίς
778 1308 847 1362 ἔτ’
884 1307 1218 1386 ἀγκαλέσαιτ’
1257 1305 1518 1369 ἐπκείδων;

802 1418 941 1472 οὔτιν’
980 1417 1117 1485 ἔνερθ’
1156 1416 1319 1471 Ἀΐδου

249 1585 300 1625 V.
333 1585 426 1625 922.
459 1585 552 1625 923.
582 1583 662 1624 Pro
690 1583 836 1623 duobus
865 1583 925 1624 his
953 1582 1043 1622 libri
1070 1581 1214 1622 habent
1241 1585 1321 1634 tres
1348 1583 1418 1622 hos
1449 1594 1604 1622 versus:

556 1659 636 1700 οὐδὲ
664 1663 727 1700 τὸν
751 1658 913 1714 ὀρθοδαῆ

545 1740 619 1772 τῶν
646 1735 826 1787 φθιμένων
861 1735 1011 1782 ἀνάγειν

545 1806 630 1851 Ζεὺς
667 1801 751 1845 αὕτ’
790 1803 922 1844 ἑ’ποιυσ’
958 1800 1018 1843 ἐπ’
1040 1803 1254 1856 ἀβλαβείᾳ.
1289 1800 1364 1851 (vel
1394 1797 1453 1842 ἐπ’
1484 1803 1666 1855 εὐλαβείᾳ
1694 1803 1768 1852 γε.)

251 1914 302 1954 V.
333 1914 428 1953 912.
473 1917 631 1961 κτησίων
672 1913 783 1958 ὄκνος.
843 1911 938 1955 917.
989 1912 1088 1957 δόσις
1126 1915 1209 1957 Διὸς
1246 1911 1365 1951 Farn.
1404 1913 1477 1958 κάξ
1505 1915 1647 1952 ἀλόκων
1685 1910 1790 1951 Flor.
1850 1911 1944 1951 919.
1979 1915 2024 1953 τὸ
2048 1910 2082 1951 δ’

307 1989 368 2027 ἐπὶ
399 1994 470 2039 γᾶν
495 1983 640 2028 πεσόνθ’
673 1987 797 2032 ἅπαξ.
856 1985 951 2024 920.
981 1986 1145 2040 πρόπαρ
1172 1986 1306 2039 ἀνδρὸς
1337 2018 1346 2026 .
1369 2018 1377 2026 .

307 2060 459 2116 πάροιθ’
476 2060 607 2115 ἀνδρὸς
627 2090 635 2099 .
653 2091 663 2100 .
681 2091 690 2100 .
713 2061 771 2106 τίς
794 2058 831 2100 τ’
848 2062 983 2112 άγκοιλ.
1017 2059 1136 2098 Farn.

251 2203 426 2242 servatur
453 2201 500 2241 ab
528 2202 709 2250 interitu,
740 2201 795 2242 ita
818 2214 980 2255 magnae
1007 2213 1120 2254 opes,

253 2270 365 2310 modo
406 2270 663 2322 modestiaque
721 2269 922 2316 adhibitis,
973 2268 1123 2308 facilius

253 2339 359 2376 tutae
387 2341 477 2378 sunt
504 2351 527 2378 a
564 2337 820 2378 calamitate.”
877 2337 1019 2390 Tangit
1050 2337 1122 2376 hoc

254 2405 355 2444 dicto
382 2404 493 2445 luxus
521 2406 814 2445 ostentationem
843 2405 955 2445 modo
983 2418 1005 2444 a
1029 2404 1120 2456 Cly-

254 2477 488 2513 taemnestra
544 2475 699 2514 factam.
771 2473 936 2513 Miscuit
991 2475 1122 2512 autem

255 2544 369 2594 poeta
414 2541 701 2582 similitudinem
744 2555 831 2581 cum
874 2542 956 2594 ipsa
987 2554 1053 2588 re,
1082 2541 1122 2579 in

254 2608 381 2648 verbis
415 2615 562 2663 πότμος
604 2612 839 2667 εὐθυπορῶν,
883 2611 996 2663 δόμος
1024 2625 1124 2666 προ-

253 2679 384 2731 βαλὼν
423 2683 566 2730 γέμος,
613 2678 726 2731 δόμος
767 2679 940 2721 ἐπόντισε
967 2684 1122 2734 σκάφος.

257 2745 370 2797 Quod
395 2747 441 2784 ad
465 2747 671 2799 imaginem
701 2747 839 2787 attinet
855 2779 866 2795 ,
898 2749 1126 2800 comparant

257 2813 366 2866 Sept.
395 2814 442 2852 ad
470 2814 544 2854 Th.
577 2815 654 2858 767
702 2817 740 2854 et
781 2828 876 2867 quos
904 2815 1006 2855 locos
1033 2815 1127 2855 citat

259 2880 414 2920 Hemst.
442 2882 490 2920 ad
520 2882 681 2922 Lucian.
710 2883 822 2930 Τ.Ι,
852 2897 892 2936 p.
915 2884 1008 2927 173.
1048 2886 1124 2923 Ar-

257 2947 395 2989 ticulus
422 2953 468 2991 τὸ
494 2949 667 3003 longiore
693 2951 897 2992 intervallo
925 2965 947 2991 a
971 2951 1128 2991 nomine

260 3021 376 3070 γέμος
399 3018 654 3069 disjunctum,
687 3022 728 3058 ut
753 3032 809 3058 ex.
828 3032 889 3072 gr.
919 3033 977 3059 vs.
997 3020 1124 3067 1056,

262 3088 313 3125 τὰ
329 3088 400 3136 μὲν
415 3090 495 3142 γὰρ
514 3109 567 3116 --
584 3089 705 3140 μῆλα.
752 3087 829 3144 πρό
843 3117 855 3137 ,
887 3092 981 3126 ante
994 3118 1005 3134 ,
1034 3087 1075 3126 h.
1092 3099 1126 3126 e.

263 3155 463 3204 antequam
478 3154 586 3194 navis
605 3154 802 3194 submersa
820 3155 885 3195 sit.
914 3155 977 3194 Sic
997 3155 1127 3194 Prom.

267 3217 370 3257 696:
413 3221 489 3277 πρό
527 3238 571 3274 γε
613 3226 820 3274 στενάζεις.
880 3223 1017 3275 Suppl.
1048 3223 1127 3261 828

267 3292 304 3333 (e
339 3284 496 3328 lectione
534 3290 668 3331 Herm.
706 3292 826 3337 796):
857 3300 929 3332 τῶν
955 3294 1033 3347 πρὸ
1062 3291 1127 3342 σὺ,

268 3357 448 3408 μάρπτι,
475 3361 642 3410 κάμνοις.
671 3381 725 3389 —
755 3360 948 3415 σφενδόνας
976 3360 1043 3399 ἀπ’
1069 3361 1132 3399 εὗ-

270 3426 436 3476 μέτρου,
458 3412 626 3477 fundae:
634 3426 754 3478 jactu
781 3442 893 3482 quem
925 3428 1011 3478 quis
1037 3428 1133 3466 bene

270 3502 444 3530 emensus
478 3497 536 3531 est
566 3493 644 3533 sive
671 3496 766 3535 bene
794 3495 1021 3535 collimavit
1032 3511 1046 3541 ;
1076 3498 1134 3534 est

272 3557 518 3609 proverbialis
542 3560 654 3601 dictio
679 3562 895 3615 significans
918 3562 1022 3614 justo
1035 3565 1129 3602 tem·

1401 2017 1409 2026 .
1442 1988 1500 2032 τίς
1528 1989 1572 2026 ἂν
1600 1987 1711 2025 πάλιν
1738 1987 1874 2036 azyma.
1899 1985 1960 2025 Fl.
1980 2000 2080 2042 προ-

1203 2212 1299 2253 pore
1321 2198 1380 2238 vel
1399 2199 1506 2251 justo
1532 2200 1660 2241 modo,
1686 2201 1787 2240 Sunt
1802 2200 1931 2254 plures
1945 2200 2081 2252 hujus·

1203 2268 1308 2307 modi
1347 2267 1553 2315 dictiones,
1608 2271 1650 2308 ut
1690 2271 1753 2310 οὐκ
1794 2272 1873 2310 ἀπὸ
1915 2273 2079 2319 σκοποῦ,

1206 2339 1344 2376 σκοποῦ
1369 2339 1570 2390 τυγχάνειν
1590 2338 1630 2375 et
1653 2339 1893 2392 ἁμαρτάνειν
1906 2369 1918 2388 ,
1937 2337 1977 2378 εὖ
1992 2354 2083 2379 στο-

1205 2406 1397 2457 χάζεσθαί
1425 2419 1521 2450 τινος
1534 2436 1551 2455 ,
1580 2403 1688 2443 aliae.
1710 2427 1761 2433 -
1780 2405 1899 2458 δόμος
1908 2412 2084 2458 πημονᾶς

1204 2478 1332 2524 γέμων
1361 2476 1487 2525 ἄγαν,
1535 2471 1767 2524 intelligitur
1796 2474 1930 2512 domus
1961 2473 2084 2512 nimia

1205 2540 1363 2579 affluens
1392 2539 1612 2592 opulentia3
1642 2541 1692 2580 cf.
1724 2554 1779 2580 vs,
1811 2541 1916 2584 377:
1948 2543 2080 2595 φλέον-

1205 2625 1280 2649 των
1321 2608 1507 2661 δωμάτων
1550 2609 1659 2665 ὑπὲρ.
1689 2613 1861 2661 πημονὰν
1887 2612 1998 2649 vocat
2022 2609 2083 2649 ni-

1206 2677 1320 2715 miam
1352 2676 1598 2723 felicitatem,
1630 2679 1673 2715 ut
1701 2676 1838 2716 damni
1867 2677 2082 2717 materiem.

1261 2744 1356 2787 917.
1411 2746 1536 2785 πολλὰ
1576 2761 1634 2786 τοι
1681 2744 1798 2791 δόσις.
1859 2745 1969 2785 Haec
1995 2759 2083 2786 sen-

1207 2812 1332 2855 tentia
1361 2813 1539 2851 cohaeret
1575 2825 1662 2852 cum
1691 2815 1894 2865 sequente,
1925 2813 1987 2853 cui
2015 2827 2084 2867 op-

1208 2880 1331 2933 posita
1359 2882 1430 2920 est.
1466 2898 1484 2913 u
1501 2881 1628 2933 Larga
1652 2881 1786 2920 messis
1813 2880 1913 2921 delet
1926 2882 2083 2929 famem,

1207 2947 1479 2987 abundantiam
1525 2948 1675 2995 reddit,
1732 2948 1797 2988 sed
1828 2949 1907 2988 vita
1935 2949 2085 2989 homini

1208 3014 1326 3055 semel
1350 3028 1419 3067 per
1451 3015 1530 3055 vim
1563 3016 1712 3056 ademta
1740 3017 1913 3057 revocari
1936 3018 2085 3070 nequit.

1211 3082 1339 3123 Verba
1375 3083 1429 3123 sic
1463 3083 1612 3136 junge:
1671 3088 1795 3126 πολλά
1838 3087 1987 3133 (nozarii
2028 3103 2087 3127 τοι

1212 3153 1310 3198 δόσις
1362 3155 1582 3206 ἀμφιλαφὴς
1631 3156 1672 3194 ἐκ
1722 3159 1802 3200 Διός
1847 3171 1892 3195 τε
1934 3157 2001 3196 καὶ
2043 3156 2087 3202 ἐξ

1210 3223 1351 3261 ἀλόκων
1379 3224 1559 3261 ἐπετειᾶν
1572 3244 1626 3251 -
1638 3235 1779 3274 magma
1801 3223 1945 3274 seqetis
1960 3223 2084 3262 abun-

1211 3289 1353 3328 dantia
1390 3289 1502 3328 Jovis
1531 3293 1570 3329 et
1597 3302 1776 3329 arvorum
1803 3304 1961 3329 munere
1987 3291 2087 3330 data

1213 3359 1285 3396 cet.
1316 3363 1442 3404 νῆστις
1470 3362 1574 3404 νόσος
1592 3370 1662 3410 pro
1688 3359 1789 3397 fame
1816 3362 1857 3397 ut
1879 3371 1933 3398 vs.
1955 3358 2055 3398 1621
2075 3375 2085 3397 2

1215 3426 1382 3472 νήστιδες
1412 3426 1510 3467 δύαι.

1273 3495 1367 3533 919.
1411 3497 1456 3535 τὸ
1485 3491 1516 3533 δ’
1544 3497 1606 3535 ἐπὶ
1633 3502 1686 3546 γᾷ
1714 3498 1826 3535 πεσὸν
1854 3496 1977 3542 ἅπαξ.
2023 3494 2088 3534 Cf.

1219 3561 1333 3600 Eum.
1393 3561 1468 3600 261
1515 3574 1598 3613 sqq.
1651 3565 1689 3600 et
1747 3563 1823 3604 647
1862 3575 1945 3613 sqq.
1996 3573 2088 3613 quos
