2340 3958
903 194 1372 244 ΑΓΑΜΕΜΝΩΝ.
1982 183 2050 234 53

496 357 940 426 μεταμανθάνουσα
979 357 1018 409 δ’
1057 354 1197 421 ὕμνον
1234 353 1452 422 Πριάμου
1491 349 1631 409 πόλις
1670 349 1848 416 γεραιοὶ

243 476 346 526 640

1966 348 2047 392 710

576 470 883 537 πολύθρηνον,
924 467 1063 532 μέγα
1102 486 1191 519 που
1229 466 1380 519 στένει
1419 463 1746 525 κικλήσκουσα
1787 459 1936 527 Πάριν

835 579 915 633 τὸν
954 576 1250 643 αἰνόλεκτρον
1265 619 1279 639 ,

763 689 1044 755 παμπενθὲς
1084 688 1363 755 πολύθρηνον

690 800 873 866 αἵαγμ’
912 799 1051 868 άμφὶ
1090 802 1188 868 φεῦ
1227 799 1435 851 πολιτοῖν

1980 793 2057 836 715

766 912 938 977 μέλεον
977 906 1123 963 αἶσαν
1160 910 1348 962 άνεῖσα.

249 1031 352 1080 645

729 1067 732 1070 .
765 1023 956 1091 ἔθρεψεν
995 1021 1043 1074 δὲ
1080 1020 1254 1074 λέοντα

1887 1033 1972 1072 στρ.
2004 1015 2060 1070 β’.

507 1137 621 1192 σίνιν
659 1136 816 1203 δόμοις
855 1134 1147 1200 άγάλακτον
1187 1131 1262 1186 ὧδ’
1300 1132 1415 1198 ανὴρ
1452 1128 1793 1198 φιλόμαστον,

737 1249 783 1301 ἐν
821 1246 985 1312 βιότου
1023 1243 1308 1313 προτελείοις

1988 1237 2068 1280 720

736 1357 910 1427 ἅμερον
950 1356 1282 1426 εὐφιλόπαιδα

738 1471 819 1524 καὶ
859 1475 1074 1538 γεραροῖς
1114 1466 1377 1533 ἐπίχαρτον
1399 1481 1410 1493 ·

262 1588 366 1637 650

708 1692 957 1760 νεοτρόφου
996 1690 1160 1743 τέκνου
1199 1687 1335 1741 δίκαν
1350 1728 1362 1751 ,

705 1584 828 1636 πολὺ
867 1581 905 1635 δ’
945 1577 1161 1647 ε’νέσχετ’
1200 1576 1454 1643 άγκάλαις

1997 1684 2078 1727 724

521 1804 795 1876 φαιδρωπὸς
835 1802 948 1857 ποτὶ
986 1807 1134 1869 χεῖρα
1171 1799 1343 1854 σαίνων
1382 1818 1438 1852 τε
1476 1794 1687 1864 γαστρὸς
1727 1792 1988 1858 άνάγκαις.

781 1915 1039 1985 χρονισθεὶς
1077 1913 1115 1968 δ’
1154 1911 1402 1976 άπέδειξεν

1907 1912 1990 1949 ἀντ.
2021 1910 2051 1961 β
2057 1905 2079 1947 '-

265 2092 317 2132 V·
348 2090 442 2131 642·
473 2092 710 2149 παμπρόσθη
740 2092 964 2148 πολύθρηνον
995 2087 1095 2132 αἰῶν’
1118 2091 1218 2144 ἀμφὶ
1243 2089 1402 2129 πολίταν
1430 2103 1476 2139 μ.
1495 2082 1579 2138 αἷμ’
1596 2083 1809 2124 ἀνατλᾶσα.
1854 2082 1947 2126 647.
1977 2086 2082 2138 οὗτος

321 2171 414 2224 ἀνὴρ
441 2179 556 2220 supra
585 2183 622 2214 ος
650 2165 841 2219 adscripto
871 2184 918 2212 ως
947 2164 1007 2204 Fl.
1039 2166 1151 2211 οὕτως
1174 2169 1270 2219 ἀνὴρ
1300 2162 1418 2200 Farn.
1463 2159 1556 2199 650.
1588 2159 1706 2198 πολέα
1737 2152 1769 2195 δ’
1794 2158 1877 2226 ἔσχ’
1902 2169 1937 2205 =2,
1963 2170 2050 2218 ἄγχ’

267 2317 483 2371 periphrasi
523 2315 729 2369 Sophocles
771 2317 865 2356 Ant.
908 2315 987 2358 487
1026 2318 1134 2362 Ζηνὸς

268 2385 435 2444 Ἐρκείου
462 2384 714 2439 appellatione
738 2383 921 2424 familiam
945 2384 1133 2436 designat.

324 2456 418 2494 639.
502 2453 750 2506 Jungendum
794 2456 1135 2507 μεταμανθάνουσα

269 2524 379 2576 ὕμνον
423 2523 665 2579 πολύθρηνον,
719 2524 762 2560 ut
803 2527 906 2560 reete
947 2520 1133 2559 Bothius:

271 2591 476 2643 hymenaei
516 2591 599 2629 loco
637 2589 790 2629 discens
817 2588 955 2642 flebile
982 2601 1137 2628 carmen

273 2659 335 2698 Cf.
365 2671 480 2712 supra
503 2671 559 2698 vs.
577 2658 677 2697 221:
707 2661 750 2700 τὸ
770 2659 1027 2709 παντότολμον
1044 2673 1138 2712 φρο-

271 2733 340 2769 νεῖν
351 2733 530 2780 μετέγνω.
545 2754 567 2761 -
578 2730 675 2783 ἀμφὶ
691 2730 850 2769 πολιτᾶν
865 2730 996 2780 μέλεον
1011 2727 1136 2776 αἶσαν,

264 2801 428 2849 propter
449 2797 628 2836 miseram
643 2797 784 2836 civium
798 2810 953 2835 suorum
968 2801 1108 2834 sortem
1126 2826 1136 2840 ‚

272 2868 316 2904 ut
353 2866 460 2918 Sept.
498 2865 584 2905 adv.
625 2864 745 2904 Theb.
778 2866 879 2903 843:
911 2870 1081 2921 μέριμνα
1111 2861 1142 2903 δ’

273 2938 373 2989 ἀμφὶ
389 2937 529 2977 πτόλιν.
552 2933 732 2987 Sophocl.
753 2934 893 2973 Trach.
912 2935 1012 2974 933:
1040 2935 1142 2988 ἀμφί

274 3019 324 3043 νιν
351 3010 546 3056 γοώμενος.

330 3071 423 3110 646.
481 3072 694 3123 ἀγάλακτον
734 3069 878 3123 duplici
919 3083 1031 3110 sensu
1071 3082 1139 3122 po-

277 3135 320 3175 ni
357 3140 505 3190 potest,
548 3139 653 3178 lacte
691 3151 827 3179 carens
842 3170 852 3185 ,
882 3137 943 3178 vel
971 3138 1143 3189 ejusdem

279 3204 395 3244 lacti-s·
420 3206 572 3254 socius,
612 3206 639 3246 i.
670 3220 704 3246 e.
733 3211 934 3259 coynatus.
991 3207 1032 3245 Si
1061 3205 1141 3259 pri-

279 3284 345 3311 ore
385 3273 658 3326 significatione
700 3275 763 3314 hic
805 3275 1035 3327 accipiatur,
1066 3287 1143 3313 non

279 3338 367 3378 licet
417 3340 630 3395 intelligere
682 3356 769 3382 cum
811 3343 954 3382 Blomf.
995 3342 1143 3381 leonem

272 3406 363 3458 jam
400 3407 502 3447 lacte
535 3410 759 3461 depulsum,
800 3413 843 3449 ut
872 3410 1058 3450 Horatius
1086 3409 1142 3448 di-

282 3473 358 3520 cit,
401 3474 442 3513 h.
471 3488 505 3514 e.
538 3476 605 3528 qui
626 3477 708 3528 jam
738 3477 838 3517 vires
865 3491 952 3517 suas
979 3477 1146 3531 experiri

282 3541 438 3594 incipit:
478 3541 646 3595 loquitur
687 3545 789 3585 enim
832 3546 878 3585 de
920 3549 1053 3586 tenero
1082 3559 1143 3585 ca-

283 3609 395 3656 tello;
420 3609 585 3663 interpr.
619 3612 719 3653 foret
755 3626 856 3654 nnon
877 3612 974 3654 lacte
988 3613 1143 3662 matris,

1214 2313 1277 2353 sed
1307 2312 1389 2352 cibo
1413 2314 1602 2354 nutritum
1617 2314 1656 2363 ,”
1682 2318 1724 2356 ut
1748 2315 1896 2356 Paleius
1913 2348 1924 2365 ,
1951 2317 2010 2357 vel
2041 2331 2086 2357 na

1215 2381 1351 2421 matris
1385 2381 1563 2422 uberibus
1591 2383 1804 2424 avulsum.''
1862 2385 1936 2424 Sed
1964 2385 2086 2426 multo

1217 2452 1255 2488 et
1291 2450 1417 2502 aptior
1446 2453 1483 2489 et
1509 2452 1705 2492 venustior
1733 2456 1789 2492 est
1817 2452 1938 2492 altera
1966 2453 2085 2506 signi·

1216 2518 1342 2557 ficatio
1380 2532 1454 2571 qua
1489 2519 1628 2560 dicitur
1657 2525 1698 2560 ut
1727 2535 1829 2561 unus
1855 2522 1905 2561 de
1919 2522 2088 2575 familia

1218 2585 1320 2626 domi
1361 2586 1529 2626 nutritus
1572 2601 1666 2628 esse.
1734 2591 1859 2641 Atque
1901 2590 1994 2630 haec
2032 2593 2089 2630 est

1218 2654 1375 2706 propria
1426 2655 1539 2706 hujus
1590 2655 1698 2696 verbi
1739 2658 1898 2698 notatio.
1959 2659 2088 2710 Hesy-

1219 2722 1347 2762 chius:
1379 2727 1613 2776 ἀγάλακτος,
1645 2729 1668 2772 ἡ
1695 2727 1889 2779 ὃμόθηλος.
1921 2729 2087 2779 ἀγάλαξ,

1221 2793 1418 2844 ὸμότηθος.
1447 2796 1682 2846 ἀγάλακτες,
1717 2795 1904 2847 σύγγονοι,
1941 2797 2087 2847 ἥλικες,

1222 2863 1491 2913 ὁμογάλακτοι.
1546 2861 1732 2902 Similiter
1759 2862 1946 2902 intellexit
1979 2863 2092 2903 Valc-

1220 2928 1444 2976 kenaerius,
1476 2929 1575 2970 laud.
1605 2929 2091 2988 ΒΙοῐῃΐ.-φιλὸμαστον,

1222 3011 1407 3037 mammas
1434 3003 1651 3046 amantem,
1682 3000 1722 3039 h.
1740 3013 1774 3039 e.
1806 3002 2004 3040 tenellum.

1279 3066 1374 3106 652.
1404 3066 1430 3104 J
1434 3067 1653 3119 ungendum
1677 3081 1750 3107 non
1774 3070 1989 3126 φαιδρωπὸς
2007 3072 2094 3111 ποτὶ

1226 3139 1370 3190 χεῖρα,
1408 3135 1508 3186 quod
1537 3135 1735 3189 ineptum,
1766 3138 1829 3176 sed
1859 3141 1947 3178 ποτὶ
1976 3143 2094 3193 χεῖρα

1227 3205 1379 3254 σαίνων,
1411 3207 1457 3242 ut
1484 3207 1587 3243 reete
1611 3203 1796 3244 Abresch.
1827 3205 1889 3244 Sic
1911 3206 2095 3244 Pindarus

1225 3270 1343 3322 Pyth.
1361 3271 1420 3318 II,
1440 3271 1491 3310 82
1507 3273 1639 3321 (l50):
1671 3276 1800 3315 σαίνων
1827 3278 1915 3315 ποτὶ
1935 3278 2096 3320 πάντας.

1227 3339 1337 3378 Infra
1376 3353 1430 3380 vs.
1463 3339 1590 3383 1667:
1632 3350 1739 3397 φῶτα
1768 3345 1996 3398 προςσαίνειν
2024 3359 2096 3383 κα-

1227 3413 1299 3449 κόν.
1332 3412 1420 3450 ποτὶ
1446 3416 1563 3466 χεῖρα
1591 3410 1686 3450 dixit
1716 3423 1806 3463 pro:
1837 3410 2032 3449 blandiens
2062 3409 2096 3448 ei

1226 3476 1293 3528 qui
1321 3490 1436 3516 manu
1465 3478 1591 3517 cibum
1619 3478 1798 3531 porrigit.
1838 3477 2031 3517 Particula
2054 3494 2099 3518 τε

1230 3547 1334 3584 recte
1367 3546 1484 3585 tertio
1507 3545 1589 3586 loco
1613 3546 1758 3599 posita,
1786 3547 1873 3598 quia
1889 3545 2002 3586 verba
2017 3561 2106 3598 wrm-2

1228 3620 1344 3672 χεῖρα
1381 3616 1511 3656 σαίνων
1548 3628 1664 3655 unam
1690 3614 1886 3655 notionem
1917 3613 2102 3654 efficiunt.
