2340 3958
300 158 326 207 1
337 159 404 208 02
1042 161 1387 207 ΑΙΣΧΥΛΟΥ

742 319 935 384 κόρακος
978 318 1146 383 ἐχθροῦ
1186 318 1377 377 σταθεὶς
1415 319 1620 383 ἐκνόμως

815 424 956 491 ὕμνον
995 426 1156 491 ὑμνεῖν
1194 426 1478 492 ἐπεύχεται.
2011 449 2117 493 1474

519 547 627 592 KA.
668 542 746 591 νῦν
779 534 818 590 δ’
857 537 1071 604 ὤρθωσας
1109 535 1354 602 στόματος
1391 538 1612 602 γνώμην,
1867 548 2036 597 ἀντισὺς.
2060 550 2109 591 α’.

297 651 437 701 1365
886 646 967 701 τὸν
1003 650 1360 714 τριπαλαιστὴν

738 758 945 823 δαίμονα
983 758 1151 822 γέννης
1189 759 1330 822 τῆςδε
1367 761 1648 822 κικλήσκων.

739 870 793 922 ἐκ
829 874 914 923 τοῦ
955 869 1053 936 γὰρ
1092 868 1202 936 ἔρως
1242 871 1596 938 αἱματολοιχὸς

739 978 864 1048 νείρᾳ
901 979 1167 1047 τρέφεται·
1206 981 1311 1047 πρὶν
1347 980 1630 1044 καταλῆξαι

809 1088 865 1143 τὸ
904 1090 1117 1143 παλαιὸν
1153 1088 1310 1157 ἄχος,
1351 1090 1447 1150 νέος
1486 1090 1622 1157 ἰχώρ.
2009 1109 2114 1149 1480

297 1201 437 1253 1370
516 1208 702 1255 ΗΜΙΧ.
888 1197 917 1262 ἦ
954 1200 1120 1265 μέγαν
1157 1200 1293 1261 οἴκοις
1331 1202 1482 1262 τοῖςδε
1960 1236 2031 1275 στρ
2066 1221 2114 1267 γ’.

738 1309 945 1375 δαίμονα
983 1309 1067 1363 καὶ
1107 1309 1377 1377 βαρύμηνιν
1415 1310 1591 1372 αἰνεῖς,

584 1424 684 1487 φεῦ
721 1424 849 1487 φεῦ,
888 1419 1037 1473 κακὸν
1073 1415 1200 1473 αἶνον
1237 1421 1422 1487 οὶτηροῖς
1461 1419 1628 1485 τύχας
1672 1418 1951 1485 ἀκορέστου,

663 1529 713 1582 ἰὼ
755 1529 829 1593 ἰὴ,
867 1529 963 1583 διαὶ
1003 1529 1117 1589 Διὸς
1155 1529 1411 1584 παναιτίου
1450 1529 1748 1596 πανεργέτα.
2010 1548 2112 1588 1485

737 1640 789 1694 τί
825 1639 924 1707 γὰρ
962 1639 1150 1707 βροτοῖς
1189 1638 1303 1693 ἄνευ
1343 1639 1456 1700 Διὸς
1494 1647 1737 1703 τελεῖταις

300 1750 440 1802 1375
814 1749 865 1802 τί
900 1747 1034 1803 τῶνδ’
1074 1750 1126 1803 οὐ
1166 1748 1440 1816 θεόκραντόν
1479 1751 1636 1813 ἕστιν;

523 1867 628 1912 ΧΟ.
741 1859 790 1912 ἰὼ
848 1860 924 1921 ἰὼ,
1018 1858 1231 1923 βασιλεῦ
1287 1858 1528 1922 βασιλεῦ,
1955 1876 2109 1931 σφῶϊ

888 1972 988 2028 πῶς
1027 1990 1082 2022 σε
1121 1969 1358 2036 δακρύσω;
2008 1986 2113 2026 1490

811 2078 981 2147 φρενὸς
1019 2080 1073 2132 ἐκ
1110 2079 1284 2146 φιλίας
1324 2079 1376 2132 τί
1411 2076 1519 2132 ποτ’
1559 2076 1703 2141 εἴτι-ως

733 2194 892 2242 κεῖσαι
927 2187 966 2242 δ’
1008 2188 1228 2257 ἀράχνης
1267 2191 1315 2243 ἐν
1354 2187 1620 2257 ὑφάσματι
1662 2188 1768 2255 τῷδ’

291 2383 342 2423 V.
374 2384 495 2424 1362.
535 2387 701 2438 ἐννόμως.

765 2385 885 2426 1865.
915 2389 977 2428 τὸν
1001 2390 1244 2444 τριπάχυιον.
1305 2386 1426 2426 1366.
1454 2392 1577 2440 γέννης
1599 2386 1857 2440 superscripto
1871 2404 1917 2433 ας
1932 2385 1992 2425 ΕΙ.
2010 2386 2110 2427 Ven.

344 2464 471 2510 γέννας
496 2457 614 2499 Farn.
674 2458 794 2499 1368.
823 2461 952 2515 velpa.
1013 2462 1134 2504 1376.
1164 2464 1207 2502 ἰὼ
1232 2458 1348 2500 semel
1370 2459 1430 2500 Fl.
1455 2459 1512 2500 bis
1542 2460 1660 2500 Fam.
1689 2459 1875 2499 Similiter
1902 2473 1959 2501 vs.
1991 2460 2108 2500 1398.

345 2531 466 2573 1378.
510 2533 549 2572 τί
572 2531 657 2574 ποτ’
687 2534 742 2588 ἂρ
770 2534 866 2574 εἴπω
897 2534 1014 2574 Fam.
1042 2533 1106 2573 hie
1134 2537 1172 2574 et
1199 2547 1256 2574 vs.
1287 2534 1408 2574 1400.

290 2679 423 2718 ἔσωθεν
447 2681 574 2731 θυμός.
601 2677 703 2730 sign.
731 2691 884 2718 carmen
913 2679 1066 2728 dirum,
1095 2681 1155 2720 fu-

289 2745 377 2784 tura
404 2745 505 2785 mala
532 2748 572 2786 et
598 2745 740 2786 scelera
761 2747 1006 2800 portendens.

348 2812 469 2854 1365.
498 2817 778 2869 τριποιλαιστὴς
804 2814 935 2854 eodem
962 2828 1075 2856 sensu
1098 2815 1156 2855 di·

285 2880 392 2918 etum
415 2893 490 2933 quo
503 2889 697 2938 τριακτήρ
722 2895 779 2922 vs.
795 2882 896 2929 171;
924 2882 1080 2936 proprie
1105 2882 1155 2923 si·

286 2945 441 2998 gnificat
454 2948 519 3000 qui
534 2947 698 2988 alterum
713 2952 774 2989 ter
787 2949 966 2990 luctando
981 2954 1152 3003 proster-

287 3012 367 3059 nit,
382 3013 410 3054 i.
426 3027 460 3054 e.
477 3015 629 3067 penitus
643 3028 731 3056 eum
749 3016 955 3070 profligat5
972 3030 1050 3057 non
1066 3031 1156 3058 vero

286 3079 340 3119 ita
357 3080 496 3122 dicitur
527 3084 546 3123 ὁ
562 3084 708 3137 δαίμων
718 3115 731 3137 ,
746 3085 847 3137 quod
862 3098 932 3138 per
945 3087 1024 3125 tres
1038 3098 1154 3138 gene-

286 3147 453 3188 rationes
491 3150 714 3190 Atridarum
745 3155 901 3205 gentem
937 3156 1152 3205 premeret:

285 3217 369 3254 erat
409 3215 512 3255 enim
551 3218 644 3257 haec
681 3217 802 3259 altera
831 3219 984 3259 demum
1014 3220 1054 3260 in
1082 3221 1155 3260 hac

286 3281 430 3322 familia
471 3282 614 3324 clades:
668 3285 794 3338 prima
844 3287 979 3335 Atrei,
1035 3287 1154 3328 altera

285 3350 612 3401 Agamemnonis,
647 3353 762 3392 tertia
789 3366 886 3405 quae
912 3356 1000 3407 post
1028 3357 1155 3395 secuta

286 3418 344 3456 est
371 3417 535 3458 Orestis.
594 3418 684 3458 Vid.
715 3420 891 3472 Choe'ph.
923 3423 1019 3461 extr.

342 3483 464 3524 1368.
505 3487 612 3542 νείροι
652 3484 856 3527 obscurum
900 3487 1123 3528 vocabulum
1143 3521 1152 3536 ‚

291 3551 439 3593 viscera
454 3552 686 3606 significans.
705 3554 792 3594 vid.
807 3555 956 3595 Comm.
972 3579 1020 3585 —-
1041 3559 1151 3612 ἰχώρ,

1238 2681 1420 2719 eruentus
1459 2679 1600 2718 humor
1637 2678 1704 2730 qui
1733 2691 1754 2718 e
1780 2677 1938 2718 vulnere
1968 2675 2107 2724 stillat,

1237 2747 1381 2787 dictum
1426 2759 1498 2799 pro
1540 2745 1712 2786 vulnere.
1769 2745 2111 2785 Animadvertatur

1236 2819 1363 2855 autem
1391 2821 1611 2870 παρήχησις
1638 2827 1773 2853 vocum
1802 2818 1899 2868 ἄχος
1926 2816 1965 2852 et
1992 2817 2106 2870 ἰχώρ.

1293 2882 1413 2925 1372.
1451 2885 1543 2936 φεῦ,
1585 2884 1695 2922 κακὸν
1722 2882 1830 2923 αἶνον.
1882 2882 2022 2920 Aecus.
2047 2881 2110 2919 hie

1238 2962 1308 3003 per
1337 2949 1560 3002 epexegesin
1591 2949 1739 2988 additus
1765 2952 1821 2988 est
1836 2947 1961 2988 verbis
1986 2955 2108 3001 μέγαν

1239 3018 1398 3070 δαίμονα
1424 3018 1640 3073 βαρύμηνιν
1663 3021 1798 3067 αἰνεῖς,
1828 3029 1903 3068 qua
1931 3021 2106 3056 constru—

1239 3085 1364 3125 ctione
1396 3097 1506 3137 saepe
1538 3086 1657 3123 utitur
1672 3083 1903 3135 Aeschylus,
1934 3089 1976 3124 ut
1989 3098 2107 3137 supra

1237 3166 1293 3192 vs.
1309 3153 1385 3195 47:
1417 3155 1544 3194 στόλον
1556 3151 1727 3208 Ἀργείων
1741 3153 1975 3207 χιλιοναὺταν
1992 3155 2103 3210 ἦραν,

1237 3228 1465 3276 στρατιῶτιν
1488 3226 1647 3276 ἀρωγήν.
1679 3223 1718 3259 et
1749 3232 1838 3259 mox
1865 3220 1990 3260 1494:
2026 3227 2098 3261 κεῖ·

1237 3305 1301 3330 σαι
1319 3320 1328 3329 .
1349 3316 1359 3327 .
1377 3319 1386 3329 .
1419 3291 1515 3341 ὦμοι
1536 3304 1627 3340 μοι,
1655 3288 1781 3329 κοίταν
1809 3287 1926 3328 τάνδ’.
1941 3310 1993 3318 —
2010 3288 2106 3335 αἶνος

1235 3354 1349 3394 simili
1378 3367 1490 3394 sensu
1513 3359 1570 3393 est
1595 3355 1694 3407 apud
1720 3356 1839 3407 Soph.
1857 3355 1959 3395 Phil.
1978 3356 2102 3395 1366:

1236 3423 1265 3463 ὦ
1296 3423 1410 3463 δεινὸν
1425 3422 1519 3464 αἶνον
1534 3425 1695 3469 αἰνέσας.
1710 3446 1765 3451 -
1781 3423 1857 3464 διαὶ
1873 3427 1952 3470 Διὸς
1965 3438 2106 3465 παναι-

1241 3492 1326 3531 τίου
1353 3491 1529 3529 admonet
1554 3490 1644 3530 dicti
1671 3491 1867 3530 Homerici
1893 3491 1942 3530 ΙΙ.
1961 3509 2006 3532 a:
2024 3494 2104 3536 Διὸς

1237 3555 1268 3598 δ’
1285 3558 1467 3599 ἐτελείετο
1481 3558 1610 3611 βουλή.
1639 3558 1702 3597 Cf.
1718 3558 1852 3611 Suppl.
1870 3558 2101 3599 815-823,
