2340 3958
290 155 381 204 122
938 153 1436 202 COMMENTARIUS

286 305 358 352 Ita
405 305 615 368 apodosis
667 307 771 366 apte
821 302 1067 364 respondet
1111 303 1283 365 protasi
1330 308 1376 350 et
1416 304 1707 352 enuntiatum
1756 306 1843 352 hoc
1878 321 1982 353 cum
2017 324 2084 354 se-

283 393 452 453 quente
485 388 654 450 optime
690 385 903 432 concinit.
953 386 1234 449 Transposui
1269 390 1423 434 autem
1446 388 1670 435 vocabula
1705 389 1832 446 εῧνῆν
1865 393 1911 436 ct
1944 390 2082 450 ἐμήν,

281 489 425 537 quum
467 486 720 534 pronomen
765 469 852 516 hoc
891 469 941 516 in
984 470 1074 516 fine
1121 469 1332 518 additum
1378 472 1544 518 merito
1588 472 1808 534 languere
1841 472 1991 520 visum
2026 472 2086 519 sit

281 556 574 611 Hermanno,
613 554 693 618 qui
725 558 881 600 tamen
914 553 1068 600 minus
1102 557 1206 617 apte
1243 555 1356 614 ἐμῆν
1389 555 1583 603 mutavit
1615 555 1664 602 in
1700 561 1750 606 τί
1775 564 1887 617 μῆνς

348 642 404 687 111
454 640 616 687 ultimo
660 655 796 686 versu
829 638 1098 701 scrupulum
1130 639 1243 686 mihi
1278 639 1388 686 fecit
1420 657 1460 687 v.
1496 642 1872 702 διαπονουμένου.
1905 647 2083 698 πονεῖν,

286 726 539 780 διαπονεῖν,
583 723 791 772 ἐκπονεῖν
823 721 1081 784 significant
1113 724 1350 770 laborando
1384 725 1557 787 aliquid
1587 725 1783 786 aubiqere
1809 724 1883 772 vel
1912 726 2088 787 efficere

281 808 354 854 vel
398 809 610 862 excolere,
656 810 701 852 et
744 806 810 852 ita
858 810 980 853 recte
1013 811 1297 869 usurpantur
1332 824 1402 855 ex.
1438 825 1502 870 gr.
1539 807 1595 855 de
1631 824 1848 870 agrorum
1882 809 2086 864 cultura3

285 890 365 937 sed
398 891 632 939 διαπονεῖν
661 888 780 940 οἶκον
816 889 872 937 de
905 890 971 937 rei
1007 890 1284 938 domesticae
1319 891 1714 940 administratione
1747 892 1931 940 insolite
1966 898 2088 940 certe

285 974 459 1021 dictum
493 977 574 1021 est.
618 973 922 1036 Aptissimum
956 974 1074 1020 foret
1109 976 1235 1023 σ’ίκου
1264 975 1637 1036 διακονουμένου,
1670 992 1814 1040 (11111111
1837 978 2088 1035 διακονεῖν,

287 1060 459 1108 ·ε’ἴο·θαι
481 1058 664 1121 proprie
687 1058 866 1105 dicatur
887 1058 943 1106 de
965 1058 1022 1104 iis
1046 1058 1125 1121 qui
1149 1057 1323 1104 domini
1347 1058 1419 1105 vel
1452 1059 1674 1122 principis
1706 1060 1809 1107 loco
1831 1076 1929 1107 rem
1951 1060 2091 1107 admi-

283 1141 491 1189 nistrant.
535 1142 762 1205 Exemplo
797 1142 856 1188 sit
888 1142 1124 1189 Demosth.
1149 1141 1247 1188 adv.
1282 1141 1453 1204 Polycl.
1487 1159 1553 1205 pr.
1587 1160 1632 1206 p.
1670 1146 1821 1191 1206:
1857 1146 2090 1207 διηγῶμαι

289 1231 357 1275 τοί
399 1226 795 1286 τε,οἰναλῶματα
841 1232 919 1275 καῖ
965 1226 1056 1284 τὰς
1091 1224 1286 1287 προέξεις
1307 1264 1319 1281 ,
1353 1228 1412 1283 ὡς
1447 1227 1494 1275 ἐν
1527 1234 1667 1287 καιρῷ
1705 1247 1761 1276 τε
1794 1226 1980 1276 ἕκαστα
2011 1230 2090 1274 καὶ

285 1310 505 1368 χρίσιμοι
541 1312 598 1367 τῇ
629 1308 769 1355 πόλει
804 1307 1166 1360 ἐδιακονήθησαν.
1235 1305 1326 1352 Sed
1360 1305 1512 1352 obstat
1544 1322 1774 1363 mensura,
1808 1323 1954 1370 quum
1988 1309 2089 1356 δια-

285 1394 429 1440 κονεῖν
478 1389 703 1451 producat
745 1409 800 1444 α,
851 1388 942 1434 nisi
986 1390 1065 1437 δια
1106 1406 1189 1452 per
1234 1389 1464 1453 synizesin
1500 1391 1650 1438 efferri
1683 1390 1832 1439 liceat.
1898 1390 1970 1437 De
2003 1390 2092 1436 hoc

283 1473 424 1534 igitur
471 1472 629 1535 paullo
678 1472 936 1518 accuratius
987 1472 1302 1535 quaerendum
1353 1473 1492 1531 duxi,
1543 1474 1666 1522 unde
1717 1474 1829 1539 quid
1879 1473 2096 1536 colligen-

291 1557 402 1604 dum
426 1556 508 1612 sit,
543 1556 790 1619 exploratis
812 1557 1111 1613 testimoniis,
1145 1557 1289 1604 lector
1315 1558 1505 1618 judicet.
1538 1559 1836 1606 Hermannus
1869 1559 1918 1606 in
1938 1559 2094 1606 Doctr.

285 1645 414 1688 metr.
459 1658 504 1703 p.
541 1643 626 1696 53,
665 1643 750 1697 86,
803 1643 896 1688 122
944 1657 1010 1704 sq.
1059 1642 1216 1704 plures
1268 1643 1496 1704 congessit
1545 1651 1646 1690 turn
1697 1642 1891 1690 aliorum
1939 1646 2096 1706 poeta-

287 1742 391 1771 rum
434 1728 536 1778 tum
575 1723 793 1787 Aeschyli
826 1725 975 1782 locOS,
1024 1725 1075 1772 in
1123 1726 1292 1789 quibus
1343 1727 1571 1790 synizesin
1620 1727 1776 1775 10011111
1807 1727 1977 1774 habere
2010 1744 2095 1790 pu-

285 1809 412 1862 tabat
424 1819 442 1865 3*
479 1808 559 1855 sed
592 1813 751 1872 postea
785 1810 973 1872 agnovit
1004 1811 1250 1875 plerosque
1282 1811 1470 1859 illorum
1501 1812 1709 1859 locorum
1742 1816 1823 1859 aut
1856 1816 2096 1875 corruptos

287 1913 386 1943 esse
421 1900 500 1942 aut
534 1894 620 1940 hoc
654 1894 826 1941 auxilio
859 1911 954 1941 non
989 1911 1134 1956 egere.
1201 1895 1408 1943 Primum
1430 1896 1480 1943 in
1504 1911 1693 1943 censum
1717 1896 1844 1943 venit
1865 1897 2093 1944 Corinnae

286 1997 468 2037 versus,
501 1981 583 2028 ubi
616 1982 834 2038 διανεκῶς
868 1980 1157 2043 trisyllabum
1189 1980 1302 2042 legit
1334 1980 1651 2044 Hephaestion
1684 1997 1728 2044 p.
1766 1984 1852 2028 22:
1887 1980 1910 2039 ἦ
1943 1982 2092 2032 διανε-
2154 2022 2163 2031 .

287 2073 376 2123 κῶς
415 2066 562 2123 εὕδεις
600 2091 660 2099 -—
710 2065 759 2111 in
792 2064 814 2122 ἦ
852 2069 1051 2128 ζανεκῶς
1101 2065 1376 2113 mutandum
1427 2066 1514 2113 hoc
1566 2065 1746 2113 censuit
1797 2066 1851 2113 G.
1893 2065 2093 2112 Dindor-

283 2150 371 2196 fius
420 2149 469 2195 in
520 2149 675 2211 Steph.
726 2149 858 2197 Thes.
911 2165 945 2196 s.
995 2166 1036 2197 v.
1101 2149 1176 2196 cui
1235 2153 1390 2197 tamen
1442 2150 1594 2197 obstat
1653 2166 1893 2206 mensura,
1946 2165 2091 2213 quum

286 2234 496 2290 διανεκῆς
546 2233 792 2294 (διηνεκὴς)
849 2249 1028 2296 semper
1064 2233 1288 2296 producat
1333 2254 1384 2290 α,
1437 2233 1688 2297 eademque
1739 2233 1971 2297 quantitas
2022 2236 2092 2280 est

284 2316 331 2362 in
382 2317 534 2378 glossa
583 2318 639 2364 ab
689 2317 922 2379 Hesychio
973 2322 1151 2365 servata
1203 2321 1467 2382 αἷζηνεκές,
1518 2321 1751 2376 διηνεκές,
1807 2318 1983 2369 αἷῶνιον
2033 2346 2093 2354 -

287 2401 411 2464 quod
445 2417 502 2447 ex
553 2403 626 2451 ἀεὶ
678 2406 723 2449 et
762 2404 948 2463 ζηνεκές
984 2403 1228 2462 (διηνεκὲς)
1263 2404 1436 2451 factum
1469 2407 1596 2466 puto.
1663 2401 1825 2450 Potius
1856 2401 2019 2463 igitur,
2054 2400 2094 2447 si

288 2486 398 2550 quid
437 2486 721 2544 audendum,
760 2486 1008 2548 legendum
1042 2491 1162 2534 esset
1197 2491 1420 2552 ζανεκέως
1459 2489 1623 2546 εὕδεις.
1692 2486 1784 2534 Sed
1816 2486 1906 2534 hoc
1939 2489 1993 2534 ut
2025 2484 2095 2532 ni-

285 2571 372 2617 mis
406 2571 635 2617 lubricum
668 2570 844 2618 omitto.
898 2570 972 2617 Ad
1004 2571 1182 2619 Atticos
1215 2574 1374 2634 poetas
1408 2571 1557 2619 venio.
1608 2570 1825 2634 Aeschyli
1857 2574 1951 2617 tres
1986 2573 2094 2616 sunt

286 2656 375 2703 loci
398 2656 447 2702 in
486 2655 654 2719 quibus
688 2657 880 2717 καρδίας
916 2659 962 2702 et
995 2658 1185 2718 καρδίαν
1220 2655 1417 2718 synizesi
1452 2654 1784 2702 enuntiandum
1819 2653 1928 2700 olim
1961 2656 2094 2716 puta-

285 2741 365 2788 bat
386 2740 706 2786 Hermannus:
741 2740 864 2802 Sept.
889 2755 925 2786 0.
949 2739 1031 2786 Th.
1059 2742 1167 2787 288.
1191 2739 1350 2802 Suppl.
1378 2739 1452 2787 71.
1479 2739 1586 2787 799.
1620 2738 1695 2785 Ad
1715 2738 1804 2785 hoc
1827 2735 2092 2784 evitandum

287 2824 553 2874 Dindorfius
586 2823 635 2870 in
660 2823 815 2886 Steph.
850 2824 984 2871 Thes.
1020 2840 1053 2871 s,
1089 2840 1129 2871 v.
1163 2825 1242 2873 διόι
1276 2823 1395 2883 (Vol.
1430 2822 1501 2879 II,
1537 2839 1582 2885 p.
1609 2824 1756 2883 1106)
1791 2819 1929 2868 scribi
1955 2818 2094 2880 jussit

287 2907 460 2968 κοίρζαν
494 2912 540 2954 et
571 2911 745 2972 κοίρζας
762 2946 773 2965 ,
807 2907 1142 2955 inconsiderate
1183 2923 1321 2963 sane;
1362 2906 1581 2953 audacius
1623 2906 1761 2953 etiam
1801 2903 1993 2952 eandem
2032 2902 2091 2949 ob

287 3004 494 3037 caussam
526 2991 577 3038 in
611 2992 786 3055 aliquot
817 2992 1138 3055 Aristophanis
1171 2991 1297 3039 locos
1330 2991 1507 3039 invexit
1527 2990 1764 3037 Aeolicam
1798 2989 1994 3035 formam
2029 2990 2093 3051 ζα

286 3089 370 3135 pro
405 3076 504 3132 δια,
533 3075 671 3138 idque
693 3074 864 3122 violata
898 3075 1036 3123 etiam
1068 3091 1296 3123 mensura.
1333 3075 1422 3122 Sed
1455 3075 1553 3122 viro
1577 3073 1929 3138 occupatissimo
1951 3072 2093 3119 talem

284 3155 510 3204 incuriam
533 3159 857 3208 condonemus.
881 3160 939 3206 In
960 3160 1178 3223 Aeschyli
1200 3159 1407 3208 versibus
1429 3158 1626 3206 laudatis
1648 3161 1851 3205 metrum
1873 3173 1933 3204 ne
1958 3171 2091 3218 egere

286 3240 473 3303 quidem
505 3243 863 3305 synecphonesi,
896 3246 1057 3306 postea
1090 3243 1276 3305 agnovit
1307 3243 1606 3290 Hermannus
1638 3242 1689 3289 in
1723 3246 1877 3289 annot.
1912 3240 1970 3288 ad
2002 3240 2092 3287 Ae-

286 3324 507 3386 schlem·
564 3325 621 3371 In
654 3325 778 3373 Pers·
813 3343 876 3374 VS·
916 3329 1040 3373 1006
1079 3328 1261 3388 (notabis)
1302 3328 1552 3387 διάπρεπον
1589 3324 1678 3375 οἷον
1719 3327 1926 3386 δέδορκεν
1960 3327 2090 3380 ἄτα,

286 3407 375 3454 hoc
392 3408 642 3468 διάπρεπον
660 3408 947 3470 trisyllabum
968 3410 1085 3457 foret
1107 3410 1393 3467 habendum,
1421 3410 1512 3456 nisi
1535 3414 1692 3472 aperte
1717 3414 1838 3457 esset
1859 3409 2090 3456 vitiosum.

287 3490 582 3538 Hermannus
600 3492 682 3551 (vs,
698 3494 812 3553 918)
834 3509 918 3554 pro
940 3493 1028 3540 hoc
1051 3494 1232 3557 scripsit
1254 3497 1502 3557 πάγκακον
1535 3495 1768 3555 δέδρακεν;
1794 3492 2092 3557 probabilius,

289 3575 446 3631 credo,
471 3574 706 3638 scripseris
739 3575 1015 3636 δύςποτμον.
1069 3577 1127 3624 111
1165 3577 1324 3640 Suppl.
1358 3593 1423 3624 vs.
1450 3576 1542 3624 794
1579 3576 1706 3640 quod
1740 3577 1952 3624 nonnulli
1985 3576 2090 3624 libri
