2340 3958
394 195 461 246 50
1133 205 1480 252 ΑΙΣΧΥΛΟΥ

398 362 502 410 595

735 361 930 427 ἤρεικον·
972 362 1023 413 αἱ
1063 361 1111 413 δὲ
1148 364 1548 428 κεροτυπούμεναι
1587 364 1678 432 βία
2129 388 2206 427 655

733 476 934 536 χειμῶνι
973 473 1115 538 τυφῷ
1154 470 1238 533 ξὺν
1277 472 1402 539 ζάλη
1435 472 1479 525 τ’
1519 473 1863 540 ὀμβροκτύπῳ,

730 579 902 647 ᾤχοντ’
940 580 1153 649 άφαντοι
1195 582 1413 647 ποιμένος
1452 588 1601 636 κακοῦ
1641 583 1843 650 στρόβῳ.

732 690 836 742 ἐπεὶ
873 690 911 742 δ’
950 693 1125 754 άνῆλθε
1163 692 1391 759 λαμπρὸν
1431 692 1562 755 ἡλίου
1601 692 1753 761 φάος,

732 798 906 864 ὁρῶμεν
943 800 1108 853 άνθοῦν
1147 800 1367 864 πέλαγος
1407 803 1613 865 Αἰγαῖον
1653 807 1823 868 νεκροῖς

400 907 503 957 600

733 909 904 974 ἀνδρῶν
946 911 1165 975 Ἀχαιῶν
1205 918 1441 970 ναυτικοῖς
1476 915 1521 964 τ’
1561 911 1787 978 ἐρειπίοις.
2135 932 2212 971 660

738 1022 870 1084 ἡμᾶς
908 1040 970 1083 γε
1007 1022 1096 1085 μὲν
1135 1022 1188 1083 δη
1228 1028 1344 1075 ναῦν
1379 1021 1422 1075 τ’
1461 1025 1700 1089 άκηρατον
1737 1023 1927 1091 σκάφος

732 1129 830 1190 ἤτοι
869 1129 1003 1195 τύχη
1043 1129 1296 1196 ’ξέκλεψεν
1336 1131 1363 1192 ἢ
1402 1129 1649 1197 ’.Ξ-ἐρύσατο

735 1237 830 1298 θεός
869 1259 966 1301 τις,
1008 1241 1092 1292 οὐκ
1130 1237 1392 1306 άνθρωπος,
1430 1239 1585 1299 οἴακος
1626 1242 1779 1305 θιγών.

731 1349 882 1414 Τύχη
922 1349 970 1401 δὲ
1008 1351 1161 1415 σωτὴρ
1201 1354 1513 1404 ναυστολοῦσ’
1553 1353 1775 1419 ἐφέζετο,

400 1457 504 1506 605

731 1459 792 1516 ὡς
829 1458 946 1522 μήτ’
986 1457 1188 1526 άνορμον
1227 1461 1447 1525 κύματος
1486 1460 1638 1528 ζάλην
1677 1461 1808 1528 ἔχειν
2137 1482 2214 1521 665

734 1567 855 1630 μη’τ’
893 1568 1130 1627 ἐξοκεῖλαι
1171 1570 1285 1637 πρὸς
1324 1571 1621 1638 κραταίλεων
1659 1572 1829 1638 χθόνα.

736 1678 910 1731 ἔπειτα
943 1678 980 1731 δ’
1022 1678 1140 1746 ᾅδην
1179 1681 1363 1735 πόντιον
1402 1684 1734 1752 πεφευγότες,

734 1789 902 1842 λευκὸν
939 1794 1052 1843 κατ’
1092 1789 1243 1859 ἦμαρ,
1283 1790 1335 1846 εὖ
1373 1793 1647 1854 πεποιθότες
1687 1795 1841 1862 τύχη,

737 1899 1085 1965 ἐβουκολοῦμεν
1123 1903 1364 1970 φροντίσιν
1403 1903 1498 1957 νέον
1536 1904 1686 1963 πάθος

404 2011 508 2060 610

738 2015 945 2075 στρατοῦ
984 2010 1224 2074 καμόντος
1263 2013 1346 2065 καὶ
1386 2017 1544 2073 κακῶς
1583 2013 1914 2078 σποδουμένου.
2141 2030 2220 2073 670

735 2118 818 2171 καὶ
858 2123 937 2171 νῦν
976 2120 1160 2173 ἐκείνων
1199 2120 1245 2173 εἴ
1279 2143 1352 2181 τις
1393 2123 1523 2183 ἐστὶν
1561 2123 1799 2187 ἐμπνέων,

402 2298 453 2339 V.
484 2300 578 2341 601.
609 2301 719 2342 Fort.
748 2302 825 2356 leg.
856 2308 939 2346 ναῦν
966 2304 1002 2346 τ’
1028 2310 1220 2361 ἀκήρατον
1249 2316 1370 2363 σαφῶς
1398 2313 1482 2355 ἤτοι
1511 2309 1589 2350 κτὲ.

400 2381 453 2421 V.
478 2384 573 2425 604.
605 2387 701 2439 τύχη
724 2387 763 2427 δὲ
787 2394 924 2445 σωτὴρ.
949 2390 1628 2443 vs.suspectus‚nisitransponendus
1638 2391 1724 2442 post
1738 2403 1793 2430 vs.
1808 2390 1907 2429 606:
1927 2397 2078 2443 μήτε-
2085 2390 2213 2444 χθόνα.

405 2498 455 2538 V.
489 2500 581 2540 595.
622 2505 775 2557 ἤρειπον
813 2502 930 2541 Farn.
990 2504 1083 2542 596.
1124 2512 1244 2558 τυφῶ.

1317 2505 1411 2544 600.
1455 2513 1630 2546 ναυτικῶν
1667 2504 1701 2546 τ’
1737 2507 1889 2560 ἐριπίων
1926 2504 1987 2544 vel
2029 2508 2212 2561 ἐρειπίων.

456 2571 549 2610 602.
580 2577 663 2620 ἢτοι
691 2590 749 2620 τις
772 2576 961 2628 ἐξέκλεψεν
987 2579 1010 2622 ἢ
1035 2573 1250 2632 ’ξῃτήσατα
1313 2577 1407 2617 604.
1437 2581 1520 2618 ναῦν
1540 2575 1690 2618 θέλουσ’.
1745 2579 1840 2618 605.
1869 2579 1918 2624 ὡς
1933 2576 2213 2634 μήτ’ὲνὸρμῳ.

456 2645 549 2685 608.
580 2649 620 2686 οὐ
647 2651 877 2693 πεποιθότες.

459 2773 551 2811 595.
584 2775 623 2814 αἱ
654 2773 693 2813 δὲ
720 2776 1037 2830 κεροτυπούμεναι
1065 2778 1151 2830 βίᾳ.
1183 2776 1266 2815 Na·

402 2852 467 2878 ves
491 2839 538 2878 ab
560 2839 813 2881 insilientibus
839 2843 948 2882 undis
966 2843 1152 2883 violenter
1165 2843 1270 2883 velue

405 2906 583 2947 cornibus
610 2907 781 2960 pulsatae
810 2909 924 2949 exitio
949 2910 1171 2963 perierunt,
1202 2923 1267 2951 ve-

403 2974 486 3013 sani
507 2975 670 3027 pastoris
695 2976 868 3027 (domini)
891 2977 1098 3030 vertigine,
1127 2978 1206 3018 Sub
1229 2992 1268 3018 v.

407 3043 721 3098 κεροτυπούμεναι
763 3043 892 3084 subest
932 3045 1166 3098 comparatio
1195 3046 1265 3086 flu·

405 3114 536 3148 ctuum
562 3124 649 3149 cum
665 3111 982 3151 tumultuantium
998 3112 1111 3152 boum
1129 3126 1266 3166 grege,

404 3175 470 3227 qui
498 3180 724 3228 proruentes
752 3178 929 3218 cornibus
959 3179 1088 3220 obvios
1116 3180 1271 3233 pulsant

405 3245 444 3282 et
469 3247 734 3296 prosternunt.
790 3247 937 3286 Deinde
971 3247 1085 3300 jung.
1115 3257 1270 3302 χειμῶνι

405 3312 467 3358 ξύν
492 3319 596 3367 τυφῷ
626 3315 720 3369 ζάλῃ
740 3330 806 3362 τε,
840 3318 1067 3366 tempestate
1083 3328 1168 3354 eum
1184 3321 1268 3355 tur-

405 3382 494 3418 bine
520 3382 626 3419 venti
654 3385 692 3419 et
714 3382 835 3419 maris
869 3386 979 3420 aestu
991 3399 1006 3427 ;
1035 3382 1270 3435 periphrasis

405 3458 476 3498 pro
519 3446 726 3498 procelloso
771 3448 884 3488 mari,
940 3455 1116 3502 ποιμένος
1157 3453 1270 3492 κακοῦ

408 3519 561 3570 στρόβῳ
600 3514 646 3553 de
673 3515 839 3567 procella
867 3515 1033 3564 dietum,
1074 3531 1169 3569 quae
1197 3531 1269 3557 un-

406 3582 471 3621 das
498 3586 643 3622 temere
670 3583 807 3623 miscet
833 3585 872 3623 el:
898 3583 1041 3636 agitat,
1072 3585 1168 3625 sicut
1185 3585 1268 3624 Ho-

1351 2777 1470 2816 ratius
1499 2776 1590 2816 dicit
1618 2776 1750 2815 Carm.
1773 2775 1819 2823 I,
1850 2777 1894 2814 3:
1925 2776 2072 2816 rabiem
2099 2777 2216 2824 Noti,

1350 2858 1424 2897 quo
1451 2857 1530 2884 non
1559 2844 1708 2883 arbiter
1734 2843 1917 2883 Hadriae
1946 2844 2086 2895 major.
2140 2844 2220 2883 Hic

1350 2917 1492 2965 ποιμὴν
1519 2910 1651 2964 pulcre
1688 2910 1855 2950 concinit
1889 2923 1974 2949 eum
1997 2923 2220 2963 praegresso

1352 2980 1668 3035 κεροτυπούμεναι
1682 3010 1694 3029 ,
1725 2990 1955 3030 quamquam
1975 2978 2123 3030 saepius
2137 2983 2218 3018 tro-

1351 3047 1435 3099 pice
1476 3060 1548 3100 pro
1589 3046 1774 3093 domino,
1818 3045 2031 3096 magistro,
2073 3044 2219 3085 arbitro

1351 3114 1531 3166 ponitur:
1575 3114 1629 3152 ita
1671 3121 1762 3154 ναῶν
1811 3118 2009 3165 ποιμένες,
2052 3117 2220 3170 στρατοῦ

1351 3186 1548 3237 ποιμάνωρ
1589 3181 1689 3233 apud
1718 3180 1951 3232 Aeschylum
1965 3199 1975 3228 ;
2016 3183 2054 3220 et
2082 3181 2220 3221 similia

1351 3249 1452 3302 apud
1479 3248 1571 3287 alios
1602 3250 1748 3300 poetas.

1408 3316 1501 3355 609.
1531 3317 1809 3369 ἐβουκολοῦμεν.
1853 3317 2043 3369 βουκολεῖν
2059 3315 2122 3354 hie
2141 3327 2219 3354 non

1351 3383 1563 3435 significat,
1594 3387 1637 3421 ut
1665 3383 1837 3434 saepius,
1878 3384 2023 3431 lenire,
2042 3384 2218 3436 fallere,

1351 3450 1415 3489 sed
1430 3463 1508 3489 rem
1525 3449 1654 3488 animo
1656 3449 1798 3501 fovere
1812 3480 1823 3497 ‚
1838 3463 1977 3489 curare
1988 3481 2000 3497 ‚
2017 3450 2218 3489 meditari.

1351 3517 1496 3557 Eodem
1524 3530 1636 3556 sensu
1659 3517 1825 3556 medium
1851 3519 1907 3557 est
1935 3517 1977 3557 in
1999 3517 2113 3557 Eum.
2144 3517 2217 3559 78:

1353 3589 1409 3637 μὴ
1436 3589 1632 3639 πρόκαμνε
1658 3585 1759 3626 τόνδε
1787 3585 2074 3639 βουκολούμενος
2099 3589 2216 3626 πόνον-
