2340 3958
974 211 1317 257 ΑΙΣΧΥΛΟΥ

649 369 749 421 τότ’
788 369 814 430 ἢ
854 367 961 430 τόθ’,
999 368 1077 421 ὅτε
1116 369 1170 421 τὸ
1206 370 1356 435 κύριον
1392 369 1540 432 μόλεν

801 483 1086 546 νεαροφυοῦς
1125 478 1263 532 τόκου
1278 522 1293 541 ,

508 587 712 652 δαίμονά
749 609 805 642 τε
842 590 929 641 τιν’
967 587 1229 655 άμάχετον
1267 589 1517 652 άπόλεμον
1556 588 1757 654 άνίερον,

652 697 842 763 θράσος,
880 698 1123 762 μελαίνας
1161 698 1462 765 μελάθροισιν
1500 696 1657 761 ἄτας,
1977 718 2056 761 770

246 811 348 858 685
801 809 1044 873 εἰδομένας
1082 815 1312 863 τοκεῦσιν.

542 916 650 969 δίκα
688 916 737 968 δὲ
774 916 967 981 λάμπει
1005 918 1095 982 μὲν
1132 920 1181 971 ἐν
1219 918 1497 978 δυςκάπνοις
1536 919 1775 984 δώμασιν,
1904 935 1985 971 ἀντ.
2010 931 2055 971 δ’.

721 1027 801 1080 τόν
833 1028 873 1080 δ’
910 1027 1150 1092 ἐναίσιμον
1189 1028 1279 1081 τίει
1318 1028 1452 1092 βίον·
1975 1049 2052 1091 775

649 1139 717 1190 τά
755 1137 1090 1204 χρυσόπαστα
1121 1137 1159 1189 δ’
1200 1136 1367 1191 ἔδεθλα
1406 1138 1491 1190 σὺν
1530 1138 1646 1203 πίνῳ

793 1252 948 1315 χερῶν
987 1247 1327 1314 παλιντρόποις

242 1361 348 1410 690
501 1358 690 1423 ὄμμασι
729 1357 966 1421 βλέπουσ’
1003 1354 1112 1409 ἕσια
1150 1357 1389 1423 παρῆλθε,
1428 1357 1627 1422 δύναμιν
1666 1359 1717 1409 οὐ

649 1467 866 1530 σέβουσα
903 1467 1115 1519 πλούτου
1154 1466 1446 1533 παράσημον
1484 1464 1615 1533 αἴνῳ.
1976 1486 2055 1528 780

796 1580 897 1630 πᾶν
933 1576 972 1629 δ’
1013 1578 1091 1630 ἐπὶ
1131 1578 1292 1644 τέρμα
1329 1583 1480 1646 νωμᾷ.

239 1784 287 1823 V.
319 1784 410 1823 681.
442 1783 538 1824 682.
567 1781 648 1825 τότ’
673 1789 698 1831 ἥ
725 1781 820 1835 τόθ’,
854 1786 943 1826 ὅταν
969 1786 1014 1824 τὸ
1042 1784 1164 1840 κύριον
1190 1784 1290 1839 μόλῃ
1317 1786 1435 1835 νεαρὰ
1463 1787 1575 1837 φάους
1593 1788 1711 1825 κότον.
1772 1783 1866 1823 683.
1896 1784 2056 1836 δαίμονά

293 1874 337 1898 τε
364 1861 428 1898 τὸν
457 1861 532 1909 ἄμ.
593 1857 686 1896 685.
715 1857 922 1909 εἰδομέναν.
988 1857 1084 1897 688.
1113 1861 1166 1898 τὰ
1202 1871 1315 1911 χρυσ.
1353 1853 1384 1895 δ’
1421 1859 1548 1898 ἐσθλὰ.
1606 1857 1700 1896 690.
1731 1857 1881 1909 ὄμμασι
1910 1856 2053 1897 λιποῦσ’

293 1933 380 1972 ὅσια
407 1935 580 1986 προςέβα
605 1933 672 1971 τοῦ
698 1931 771 1973 δὺν.
802 1932 856 1971 οὐ.

236 2115 299 2142 cre
328 2101 525 2141 exornavit
538 2099 802 2153 pervulgatam
819 2100 924 2140 illam
947 2103 1099 2141 senten-

233 2170 349 2209 tiam:
394 2174 515 2211 τίκτει
552 2173 629 2224 γὰρ
668 2174 776 2224 κόρος
804 2170 926 2225 ὕβριν.
969 2191 1025 2197 -
1066 2174 1103 2210 ἐν

236 2243 360 2284 κακοῖς
400 2242 552 2294 βροτῶν
592 2237 854 2289 accipiendum
898 2249 968 2289 pro
997 2239 1105 2289 apud

234 2307 356 2345 malos
385 2305 592 2349 mortales;
634 2302 786 2343 mallem
823 2303 993 2343 dativum
1021 2304 1102 2344 sine

235 2378 301 2425 ἐν,
331 2372 433 2412 velut
460 2373 611 2419 ἑκδίκοις
638 2377 802 2429 βροτῶν.
834 2394 887 2400 -
916 2375 961 2413 τὸ
981 2373 1104 2429 κύριον

233 2457 272 2482 v.
301 2447 409 2483 τόκου
436 2441 547 2492 attigi
568 2441 610 2479 in
635 2441 852 2479 Comment.
878 2444 979 2487 ἄτας
1003 2441 1101 2482 εἰδο-

234 2516 351 2564 μένας
378 2514 568 2559 τοκεῦσιν,
596 2509 668 2547 hoc
699 2511 756 2547 est
785 2513 835 2565 τῇ
855 2511 1002 2566 μητρί,
1030 2522 1098 2562 np.

233 2581 369 2636 ὕβρει,
400 2575 716 2629 quemadmodum
737 2575 821 2627 jam
843 2589 954 2629 saepe
968 2575 1096 2630 plura-

232 2646 309 2686 lem
351 2647 578 2698 usurpatum
612 2643 789 2685 vidimus.
833 2644 966 2683 Simile
1006 2644 1098 2685 huic

234 2711 451 2765 exemplum
478 2710 594 2750 habes
622 2710 661 2749 in
691 2710 889 2762 Sophoclis
915 2712 1014 2751 Oed.
1044 2713 1094 2751 R.

235 2782 364 2824 1176:
423 2786 569 2822 κτανεῖν
617 2796 668 2819 νιν
712 2780 797 2825 τοὺς
837 2784 1014 2827 τεκόντας
1055 2781 1099 2827 ἦν

233 2852 360 2902 λόγος,
391 2852 484 2901 puta
511 2851 574 2889 τὸν
598 2853 768 2903 πατέρα.

289 2918 382 2956 688.
411 2920 463 2958 τὰ
478 2921 733 2972 χρυσόπαστα
753 2913 784 2955 δ’
797 2916 850 2956 ἕδ.
863 2938 914 2944 -
927 2918 1099 2972 παρῆλθε

233 2987 312 3028 κτὲ.
358 2984 448 3024 Vid.
477 2986 695 3024 Comment.
726 2984 1015 3036 Comparandus
1037 2983 1100 3022 hic

232 3051 429 3105 Sophoclis
457 3065 587 3091 versus
612 3052 651 3090 in
677 3052 816 3103 fragm.
843 3050 969 3090 Aiacis
984 3051 1100 3090 Locr.

232 3124 270 3160 4.
287 3119 387 3171 apud
415 3118 522 3159 Stob.
540 3118 620 3158 Ecl.
638 3119 755 3170 Phys.
772 3118 818 3166 I,
852 3119 873 3157 1
890 3149 900 3164 ,
932 3132 971 3170 p.
991 3119 1090 3157 124:

557 3191 619 3228 τὸν
646 3190 741 3228 ὅσιον
767 3190 812 3228 τὸ
840 3193 908 3234 τῆς
938 3187 1038 3233 δίκης

289 3256 458 3311 δέδορκεν
473 3255 598 3307 ὄμμα,
612 3258 674 3295 τὸν
688 3252 719 3294 δ’
729 3255 853 3295 ἄδικον
866 3256 1092 3308 ἀμείβεται.

231 3335 302 3376 pro
327 3336 400 3374 quo
428 3322 540 3374 vulgo
561 3321 658 3360 male
672 3321 813 3372 legitur
828 3326 872 3362 τὸ
885 3323 1040 3378 χρύσεον
1056 3322 1095 3362 δὲ

231 3397 304 3436 τᾶς
327 3391 442 3436 δίκας.
458 3413 512 3419 -
526 3393 757 3445 παράσημον
773 3392 860 3444 αἴνῳ
871 3422 882 3442 ,
908 3391 1010 3429 'male
1029 3390 1094 3428 in-

230 3458 377 3510 siynem
387 3458 530 3510 fama,
556 3457 884 3506 malefamosam.

287 3525 381 3564 692.
411 3532 487 3565 πᾶν
513 3525 568 3575 (h.
584 3537 618 3564 e.
646 3531 723 3565 πᾶν
748 3529 900 3580 χρῆμα)
917 3528 979 3566 ἐπὶ
999 3530 1093 3581 τέρ-

232 3611 290 3645 μα
331 3600 440 3645 νωμᾷ
478 3591 648 3646 plerique
682 3591 736 3630 sic
762 3593 1086 3644 interpretantur:

1183 2101 1313 2140 omnia
1356 2101 1499 2153 (potius
1541 2101 1753 2152 quamlibet
1779 2102 1874 2148 rem)
1918 2102 1974 2140 ad
1991 2101 2049 2155 fi-

1182 2181 1269 2206 nem
1312 2166 1405 2218 (sive
1448 2169 1686 2208 destinatum
1716 2169 1880 2217 exitum)
1909 2169 2051 2220 diriqit

1182 2248 1320 2288 nempe
1349 2239 1372 2282 ἡ
1399 2236 1494 2283 δίκη.
1536 2236 1787 2275 Hermannus
1802 2236 1946 2275 frustra
1959 2236 2050 2275 hae-

1181 2315 1269 2342 rens
1297 2303 1337 2342 in
1365 2311 1441 2344 πᾶν
1458 2334 1470 2354 ,
1498 2317 1569 2356 pro
1595 2317 1670 2356 quo
1695 2305 1768 2343 hoc
1789 2317 1900 2344 sensu
1926 2309 2052 2347 πάντα

1181 2371 1255 2411 dici
1295 2371 1508 2424 oportuisse
1546 2372 1764 2420 contendit,
1803 2371 1936 2425 jungit
1974 2380 2053 2413 πᾶν

1180 2445 1312 2496 τέρμα
1354 2443 1393 2479 et
1421 2440 1474 2479 sic
1499 2439 1804 2492 interpretatur:
1851 2441 2050 2480 nJustitia

1179 2521 1327 2547 omnem
1342 2508 1528 2547 attribuit
1543 2509 1691 2548 exitum
1704 2539 1715 2555 ,
1745 2520 1883 2560 nempe
1905 2507 2049 2548 bonum

1173 2575 1311 2627 justis,
1369 2575 1514 2614 malum
1571 2575 1747 2627 injustis,
1791 2578 1908 2628 prout
1943 2576 2048 2628 quis-

1178 2656 1252 2695 que
1279 2643 1329 2683 sit
1357 2642 1559 2683 mcritus.’'
1615 2643 1690 2682 Sed
1735 2644 1807 2683 hoc
1836 2656 1950 2683 sensu
1977 2656 2048 2683 nec

1178 2717 1255 2751 πᾶν
1282 2710 1372 2750 satis
1399 2713 1532 2763 aptum
1556 2712 1595 2750 et
1609 2709 1806 2750 obscurior
1830 2713 1888 2750 est
1910 2710 2045 2750 verbo·

1181 2791 1271 2818 rum
1295 2778 1480 2830 junctura
1503 2789 1574 2831 pro
1603 2785 1681 2818 πᾶν
1707 2783 1838 2834 τέρμα
1857 2781 2042 2832 ἐπινωμᾷ.

1180 2846 1230 2885 In
1259 2849 1419 2898 utraque
1461 2858 1553 2885 vero
1595 2845 1846 2898 explicatione
1873 2846 2046 2899 displicet

1181 2914 1417 2954 intellectum
1451 2915 1553 2961 δι’κης
1596 2927 1687 2953 nam
1723 2913 1764 2952 in
1800 2913 1929 2966 priore
1956 2926 2044 2953 sen-

1178 2982 1298 3023 tentia
1334 2982 1429 3021 haec
1467 2986 1650 3033 tanquam
1693 2981 1815 3020 virtus
1851 2993 2042 3020 memora-

1179 3053 1267 3098 tur,
1295 3050 1357 3090 hic
1386 3051 1515 3088 autem
1540 3062 1611 3102 pro
1639 3054 1801 3102 Νεμέσει
1826 3048 2044 3101 accipienda

1174 3119 1284 3157 esset.
1328 3116 1490 3163 Malim,
1529 3116 1562 3155 si
1590 3116 1731 3168 possit,
1759 3122 1886 3168 νωμᾶν
1906 3118 1967 3156 ἐπὶ
1981 3115 2042 3154 in-

1173 3184 1373 3225 trnnsitive
1416 3183 1538 3236 accipi
1565 3183 1642 3222 sic:
1673 3183 1963 3235 unumquidque
1988 3184 2045 3223 ad

1166 3254 1291 3307 finem
1342 3252 1581 3292 destinatum
1623 3251 1752 3290 tendit
1761 3268 1775 3296 ;
1817 3264 1888 3290 nec
1933 3251 2042 3290 video

1175 3333 1245 3360 cur
1271 3319 1311 3358 id
1337 3332 1414 3357 non
1439 3318 1581 3371 possit,
1628 3331 1746 3368 quum
1771 3318 1887 3357 etiam
1903 3330 1962 3358 ex.
1978 3331 2038 3371 gr.

1176 3391 1416 3443 ἐπιστρωφᾶν
1447 3399 1515 3438 pro
1535 3407 1550 3414 -
1568 3389 1684 3426 ἅσθαι
1700 3388 1887 3437 ponatur,
1905 3386 1978 3425 Od.
1996 3403 2037 3442 ρ,

1175 3455 1279 3497 487:
1311 3457 1415 3504 (Osci)
1447 3457 1711 3510 ἐπιστρωφῶσι
1741 3457 1898 3500 πόληας.
1942 3454 2038 3492 Sen-

1172 3522 1292 3563 tentia
1344 3524 1401 3560 est
1442 3522 1571 3560 eadem
1616 3534 1711 3572 quae
1739 3534 1855 3574 supra
1882 3535 1939 3562 vs.
1963 3521 2036 3561 68:

1174 3593 1340 3632 τελεῖται
1371 3589 1400 3629 δ’
1422 3592 1458 3635 ἐς
1486 3593 1531 3630 τὸ
1557 3595 1818 3646 πεπρωμένον.
