2340 3958
907 172 1378 221 ΑΓΑΜΕΜΝΩΝ.
1984 163 2051 212 35

388 307 757 388 λ”ιδ”’
885 334 1021 352 “”
1133 333 1216 385 θ”
1345 329 1633 384 Χδ”Ῥ-
1835 335 1863 363 7

424 355 531 389 ιταν
641 354 800 388 ακουει
838 355 928 399 μεν
966 354 1093 393 ουτις
1159 353 1267 396 εων,
1307 351 1387 386 τον
1489 334 1772 397 επισιροφον
1799 329 1942 382 τωνδε

833 444 835 446 ’
869 446 996 511 φῶτ’
1032 442 1189 496 ἄδικον
1228 442 1456 508 καθαιρεῖ.

243 558 345 607 360

870 665 918 721 ἐς
960 662 1102 726 δόμον
1141 662 1221 715 τὸν
1259 660 1507 726 Ἀτρειδᾶν

863 549 950 612 οἷος
993 553 1076 605 καὶ
1115 551 1264 618 Παρις
1304 552 1446 604 ἐλθὼν

1979 676 2060 715 400

574 775 755 841 ᾔσχυνε
793 772 952 835 ξενίαν
989 772 1238 838 τράπεζαν
1277 777 1509 824 κλοπαῖσι
1551 770 1792 834 γυναικός.

721 886 935 934 λιποῦσα
971 879 1008 932 δ’
1049 883 1267 934 οέστοῖσιν
1304 880 1604 946 οὶσπίστορας

1896 913 1981 952 στρ.
2000 896 2060 950 β’.

499 990 688 1050 κλόνους
721 1011 776 1043 τε
814 990 895 1043 καὶ
935 990 1211 1056 λογχίμους
1253 989 1513 1053 ναυβάτας
1547 988 1842 1054 ὁπλισμούς,

243 1102 346 1150 365

650 1099 844 1164 ἄγουσα
884 1103 928 1153 τ’
967 1100 1245 1167 οὶντίφερνον
1286 1098 1409 1164 Ἰλίῳ
1447 1098 1659 1166 φθοραν,

1970 1115 2075 1154 ’406

799 1211 994 1275 βέβακε
1033 1211 1197 1277 ῥίμφα
1241 1210 1319 1263 δια
1359 1212 1521 1263 πυλοῖν

687 1322 887 1384 ἄτλητα
924 1326 1110 1376 τλᾶσα.
1164 1322 1332 1375 πολλοὶ
1373 1322 1413 1374 δ’
1450 1321 1635 1375 ἔστενον

733 1432 841 1487 ταδ’
879 1435 1146 1493 ἐννέποντες
1186 1434 1339 1498 δόμων
1378 1438 1653 1502 προφῆται·

690 1545 738 1597 ἰὼ
778 1546 827 1598 ἰὼ·
867 1545 1005 1609 δῶμα
1044 1545 1182 1608 δῶμα
1220 1543 1301 1596 καὶ
1349 1543 1548 1609 πρόμοι,

247 1658 349 1707 370

1983 1560 2064 1599 410

687 1657 736 1708 ἰὼ
776 1656 924 1722 λέχος
963 1656 1045 1708 καὶ
1085 1656 1243 1719 στίβοι
1283 1655 1575 1723 φυγανορες.

655 1765 857 1831 παρεστι
896 1767 1046 1829 σιγας
1084 1765 1288 1829 οέτίμους
1328 1764 1589 1831 οέλοιδόρους

806 1875 1000 1936 αἴστους
1047 1877 1298 1944 ἐφημένων
1339 1877 1476 1930 ἰδεῖν·

248 2046 297 2086 V.
329 2047 423 2087 358.
456 2047 563 2086 Fort.
594 2047 669 2100 leg.
701 2049 800 2094 οὔτις
832 2053 919 2089 θεῶν
948 2046 1056 2089 τῶνδ’
1083 2050 1326 2104 ἐπίστροφος,
1360 2052 1422 2088 τὸν
1447 2048 1486 2088 δὲ
1513 2047 1619 2101 φῶτ’.

247 2129 298 2169 V.
329 2130 424 2169 364.
455 2131 596 2178 κλόνους
618 2133 724 2186 λογχ.
744 2148 788 2172 τε
805 2135 867 2174 καὶ
881 2137 1077 2187 ναυβάτας
1093 2134 1177 2174 bn).
1237 2132 1332 2171 368.
1363 2129 1441 2173 τόδ’
1454 2135 1521 2172 ἐνν.
1582 2132 1675 2170 369.
1707 2134 1751 2171 Ich
1767 2131 1879 2184 δῶμα
1891 2133 1955 2173 καὶ
1969 2134 2065 2186 πρό-

299 2219 366 2254 μοι
387 2203 448 2244 Fl.
496 2205 590 2248 370.
616 2208 819 2260 φιλάνορες.
861 2207 956 2250 371.
981 2211 1080 2262 πάρ.
1108 2213 1216 2259 σιγᾶς
1244 2210 1385 2259 ἄτιμος
1407 2206 1600 2260 ἀλοίδορος
1623 2206 1774 2251 ἅδιστος
1801 2209 1994 2259 οῗιφεμένων
2017 2204 2063 2244 ἰδ.

305 2351 398 2390 358.
429 2354 651 2407 ἐπίστροφον
674 2353 788 2393 τῶνδε
802 2386 814 2405 ,
834 2353 865 2392 si
880 2365 1016 2392 sanum
1031 2355 1113 2399 est,

250 2418 373 2457 activo
406 2432 519 2458 sensu
553 2421 644 2458 dicit
672 2434 757 2460 eum
787 2421 853 2472 qui
879 2421 1004 2473 infert
1029 2420 1116 2460 urbi

250 2485 343 2525 illud
369 2490 530 2543 ἄφερτον
558 2493 837 2545 πρόςτριμμα,
857 2491 900 2528 ut
916 2489 1114 2528 Herman-

252 2566 348 2600 nus;
387 2556 446 2593 vel
473 2557 629 2608 potius,
668 2557 735 2608 qui
763 2558 907 2604 nectit,
939 2561 1115 2610 torquet,

253 2622 504 2662 machinatur
521 2623 594 2663 ista
619 2624 734 2664 mala.
794 2625 856 2663 Ita
886 2625 1000 2664 homo
1029 2637 1115 2664 ver-

168 2729 174 2734 ,
252 2693 359 2729 sutus
396 2692 435 2730 et
479 2691 704 2732 artificiosus
746 2695 905 2732 vocatur
935 2699 1115 2749 στρόφις,

253 2761 292 2797 et
318 2761 547 2815 ἐπιστρεφὴς
574 2761 758 2800 callidus.

267 2827 404 2881 ..3625
443 2831 656 2885 ἀντίφερνον
683 2834 837 2885 φθορὰν.
895 2829 1121 2883 Significare

250 2893 326 2933 hoc
339 2898 465 2948 potest
492 2897 552 2935 vel
575 2898 679 2936 dotis
707 2899 790 2938 loco
817 2898 982 2937 exitium
1010 2903 1120 2938 attu-

253 2962 329 3010 lit,
358 2965 403 3002 ut
428 2963 544 3017 vulgo
573 2964 785 3018 accipiunt,
815 2965 877 3006 vel
891 2979 968 3018 pro
989 2967 1121 3006 oblata

255 3031 347 3070 dote
387 3032 552 3071 exitium
589 3033 725 3080 dedit,
755 3036 799 3072 ut
826 3033 925 3073 dotis
952 3034 1120 3086 pretium

255 3098 373 3139 fuerit
393 3099 566 3140 exitium.
605 3100 802 3140 Posterius
826 3101 900 3141 hoc
917 3101 1013 3141 mihi
1039 3100 1121 3154 pla-

257 3164 352 3204 cet:v
380 3180 470 3206 nam
499 3180 634 3208 revera
662 3167 815 3209 Helena
846 3182 1004 3222 magnas
1032 3182 1122 3223 opes

256 3235 437 3285 tanquam
463 3224 590 3275 dotem
613 3239 900 3290 apportaverat;
932 3251 1007 3289 quo
1035 3250 1120 3290 spe-

259 3302 338 3340 ctat
362 3301 464 3342 infra
490 3317 547 3343 vs.
574 3304 651 3347 741.
682 3308 860 3358 γέλασμα
888 3307 1061 3347 πλούτου.

313 3369 408 3409 368.
447 3371 568 3423 δόμων
607 3381 802 3429 προφῆται
840 3376 918 3414 κτὲ.
978 3373 1123 3426 Regiae

260 3435 394 3475 domus
436 3444 540 3478 vates
579 3446 619 3480 et
660 3443 779 3483 ἀοιδοὶ
806 3441 925 3480 fiebili
952 3441 1123 3480 carmine

262 3503 432 3543 Menelai
454 3507 667 3548 moerorem
693 3509 741 3548 ob
757 3513 906 3562 raptam
932 3509 1120 3549 Helenam

262 3571 461 3613 canebant.
492 3574 633 3615 Vatum
662 3577 926 3618 testimonium
954 3577 1037 3617 ideo
1063 3579 1118 3617 as-

1195 2353 1272 2392 fert
1317 2352 1491 2399 Chorus,
1537 2351 1625 2404 quia
1668 2354 1821 2404 praeter
1858 2350 1942 2391 illos
1969 2348 2068 2390 nulli

1195 2423 1312 2460 testes
1353 2420 1521 2459 admissi.
1578 2420 1760 2459 Ceterum
1790 2422 1921 2458 vatum
1948 2417 2067 2458 verba

1195 2489 1390 2542 pertinent
1419 2501 1536 2540 usque
1561 2488 1608 2527 ad
1638 2502 1694 2528 vs.
1712 2488 1858 2527 426-
1875 2486 2062 2528 michem.

1198 2557 1299 2596 unde
1320 2557 1471 2596 Chorus
1492 2556 1627 2609 incipit
1641 2569 1856 2596 memorare
1870 2555 2068 2608 publicum

1198 2624 1343 2664 luctum
1358 2655 1369 2671 ,
1395 2624 1502 2675 cujus
1522 2624 1604 2676 ipse
1618 2624 1726 2664 testis
1741 2623 1912 2664 oculatus
1927 2624 2068 2662 fuerat.

1255 2693 1350 2732 369.
1381 2696 1426 2733 ἰὼ
1455 2696 1498 2733 ἰὼ
1526 2693 1638 2745 δῶμα
1667 2693 1745 2734 κτὲ.
1786 2693 1903 2731 Eheu
1930 2692 2068 2731 domus

1200 2766 1239 2800 et
1271 2763 1478 2813 proceres!
1514 2762 1626 2800 'elaea
1667 2763 1791 2801 lectus
1832 2765 1872 2800 et
1906 2758 2071 2813 γνοίη-οὶ

1197 2829 1379 2881 qressus!
1405 2828 1446 2867 h.
1476 2840 1511 2867 e.
1557 2828 1674 2867 nHeu
1701 2827 1882 2880 princeps
1910 2828 2068 2866 domum

1201 2895 1402 2935 habitans!
1462 2896 1538 2935 heu
1580 2895 1720 2947 conjux
1762 2895 1893 2935 mariti
1934 2895 2067 2948 profu-

1203 2963 1301 3016 ga!”
1327 2964 1416 3005 ἰδεῖν
1442 2968 1607 3019 πάρεστι
1630 2968 1738 3016 σιγὰς
1756 2968 1970 3018 ἑφημένων,
2000 2963 2070 3002 do-

1201 3033 1392 3072 minorum
1422 3031 1646 3080 silentium,
1687 3033 1730 3072 h.
1760 3045 1792 3072 e.
1832 3031 2071 3070 taciturnum

1201 3099 1352 3139 luctum
1367 3117 1377 3147 3
1418 3101 1601 3152 ἀτίμους,
1631 3099 1720 3152 quia
1747 3097 1950 3139 Menelaus
1978 3110 2068 3137 con-

1198 3168 1304 3220 jugis
1333 3170 1448 3220 raptu
1473 3169 1577 3207 omni
1594 3169 1740 3207 honore
1764 3166 1948 3220 spoliatus
1963 3167 2068 3212 erat;

1203 3237 1439 3292 ἀλοιδόρους,
1470 3236 1558 3288 quia
1595 3234 1722 3275 nullas
1760 3234 1894 3274 edebat
1929 3245 2068 3285 quere-

1201 3305 1279 3350 las,
1321 3317 1415 3357 prae
1452 3303 1581 3343 dolore
1609 3303 1853 3343 obmutuerat
1862 3319 1873 3349 ;
1919 3304 2071 3347 αἵστους

1203 3373 1399 3424 (ἀΐστουςδ,
1418 3372 1520 3424 quod
1534 3371 1642 3412 luctu
1658 3371 1831 3424 perditus
1843 3401 1854 3417 ‚
1886 3369 2071 3408 exanimis

1203 3444 1298 3480 erat.
1310 3440 1477 3479 Pluralis
1491 3445 1635 3497 πρόμοι
1650 3442 1684 3479 et
1699 3444 1874 3495 ἐφημένοι
1890 3437 1936 3477 ad
1952 3449 2072 3476 unum

1203 3507 1427 3548 Menelaum
1456 3513 1627 3561 spectat,
1671 3509 1774 3547 unde
1801 3519 1890 3546 mox
1918 3504 1964 3543 ad
1994 3503 2073 3542 sin-

1203 3575 1377 3628 gularem
1407 3576 1565 3616 transit:
1597 3581 1734 3631 φάσμα
1764 3576 1862 3622 δόξει
1893 3575 1971 3614 κτὲ.
