2340 3958
790 153 860 200 IN
893 151 1410 219 AGAMEMNONEM.
1619 148 1622 152 ⁸
1913 150 2000 195 125

263 372 339 418 Vs.
377 375 435 419 39
474 387 568 434 sqq.
604 370 741 432 vulgo
776 370 864 417 hoe
897 369 1060 417 ordine
1094 369 1393 432 legebantur:

689 497 749 506 --
782 501 841 508 --
874 473 976 521 ἐπεὶ
1013 476 1224 532 Πρίαμον

818 555 972 613 μέγας
1009 553 1245 607 ἀντίδικος
1264 590 1277 607 ,

696 637 940 689 Μενέλαος
975 630 1094 688 ἄναξ
1129 632 1194 685 ἧδ’
1229 633 1562 692 ’.Αγαμέμνων,

682 713 875 772 διθρόνου
908 714 1065 760 Διόθεν
1099 716 1177 760 καῖ
1212 712 1498 772 δισκήπτρου

697 798 836 852 τιμῆς
871 793 1036 852 όχυρόν
1071 794 1238 853 ζεῦγος
1269 790 1539 851 Ἀτρειδῶν,

696 874 869 922 στόλον
904 873 1128 934 Ἀργείων
1163 901 1222 908 --
1256 870 1358 932 ὖραν
1392 874 1498 921 κτὲ.

190 976 519 1026 Inconcinnam
571 975 835 1036 juncturam
880 976 1126 1023 verborum
1161 981 1318 1038 μέγας
1351 976 1613 1033 ἀντίδικος,
1652 978 1898 1033 Μενέλαος
1934 975 1999 1030 ἧδ’

188 1062 528 1126 Ἀγαμέμνων,
574 1059 908 1107 emendandam
967 1060 1127 1124 putavi
1175 1058 1517 1122 transponendo
1569 1058 1656 1104 hoc
1706 1074 1841 1107 versu
1859 1096 1870 1115 ,
1922 1058 2002 1121 qui

187 1143 524 1194 Boissonnadio
541 1141 761 1190 insititius
778 1143 974 1192 videtur.
1009 1144 1081 1191 Ita
1099 1143 1319 1205 singulari
1340 1143 1577 1199 ἀντίδικος
1604 1142 1814 1203 congruit
1833 1145 2000 1205 ζεῦγος

185 1229 462 1293 Ἀτρειδῶν,
496 1230 542 1274 et
575 1226 753 1290 plurale
788 1225 891 1288 Ξραν
924 1227 1138 1275 convenit
1163 1243 1269 1274 cum
1311 1228 1558 1282 Μενέλαος
1577 1224 1644 1280 ἧδ’
1663 1226 1994 1289 Ἀγαμέμνων.

253 1311 469 1360 Ceterum
526 1310 750 1358 dorismos
784 1327 843 1358 ex
874 1311 1134 1374 anapaestis
1169 1309 1340 1359 amovit
1372 1309 1694 1356 Blomfieldius
1728 1308 2001 1372 scripsitque

185 1394 459 1457 Ἀτρειδῶν,
509 1398 853 1456 χιλιοναύτην,
905 1397 1114 1458 ἀρωγήν,
1165 1394 1284 1441 sicut
1334 1393 1440 1440 libri
1490 1410 1650 1441 omnes
1688 1393 1860 1439 habent
1899 1392 2000 1442 δια-

187 1485 460 1541 κναιομένης
512 1483 596 1526 cet.
663 1479 840 1525 Eodem
889 1478 994 1540 jure
1044 1481 1206 1542 ἀγανα
1261 1477 1538 1525 mutandum
1589 1481 1686 1525 erat
1733 1477 1783 1525 in
1831 1479 2000 1540 αγανῆ.

188 1561 306 1623 Quis
339 1561 462 1608 enim
496 1561 650 1608 credat
684 1561 953 1624 diligentem
994 1562 1263 1625 scriptorem
1297 1561 1347 1608 in
1380 1578 1476 1609 uno
1505 1561 1759 1626 eodemque
1782 1577 2002 1610 versuum

187 1648 431 1708 systemate
470 1645 606 1692 modo
643 1648 827 1708 ἀρωγάν
846 1683 858 1702 ,
893 1646 1029 1693 1110ᾱο
1065 1649 1243 1709 ἀρωγῆς
1279 1630 1485 1693 dixisse?
1550 1646 1703 1694 Multo
1737 1644 2000 1693 credibilius

186 1728 409 1776 dorismos
458 1729 543 1775 hos
592 1729 777 1776 indocta
825 1730 1118 1777 librariorum
1170 1730 1413 1777 sedulitate
1452 1730 1502 1777 in
1537 1730 1677 1778 Chori
1709 1734 1863 1795 partes
1899 1745 1998 1776 esse

183 1812 402 1860 invectos,
466 1812 745 1860 Blomfieldii
796 1813 1060 1876 exemplum
1111 1818 1297 1861 secutus
1349 1818 1419 1861 est
1469 1813 1736 1861 Dindorfius
1753 1852 1766 1872 ‚
1806 1816 1998 1876 excepto

184 1895 308 1961 quod
354 1895 543 1944 retinuit
592 1900 940 1959 χιλιοναύταν,
982 1898 1112 1959 cujus
1155 1898 1439 1962 exceptionis
1479 1914 1689 1945 caussam
1722 1914 1816 1946 non
1848 1896 1997 1945 vide0.

182 1981 288 2028 Alia
318 1997 392 2028 res
427 1985 497 2028 est
528 1981 577 2028 in
609 1981 755 2029 forma
786 1998 905 2046 pura
939 1983 1171 2045 ὀξυβόαν,
1207 1983 1319 2030 item
1353 1984 1402 2030 in
1436 2000 1478 2031 v.
1509 1985 1817 2045 πολυάνορος,
1853 1999 1997 2047 (11111111

180 2066 292 2113 haec
322 2065 468 2112 forma
491 2066 628 2113 etiam
655 2066 705 2113 in
730 2066 949 2114 trimetris
973 2067 1152 2129 legatur
1174 2072 1227 2115 ut
1243 2085 1307 2116 vs,
1329 2071 1421 2115 856
1445 2070 1696 2130 φιλάνορες
1711 2105 1723 2124 ,
1746 2069 1871 2114 1639
1892 2087 1995 2117 πει·

182 2153 371 2211 θοίνορα,
429 2153 475 2197 et
529 2149 596 2197 sic
644 2167 710 2198 vs,
761 2153 853 2197 153
895 2150 1076 2198 restitui
1110 2154 1361 2214 δεισανορα.
1414 2152 1629 2210 Ceterum
1662 2167 1757 2198 non
1792 2149 1998 2198 constitit

181 2233 270 2281 sibi
313 2234 663 2292 Blomfieldjus,
715 2251 859 2299 quum
909 2236 1028 2283 infra
1071 2253 1136 2285 vs,
1175 2240 1299 2285 1568
1343 2239 1490 2299 (1558
1526 2237 1618 2300 Bl.)
1653 2237 1703 2284 in
1736 2233 1996 2299 anapaestis

179 2318 372 2366 formam
423 2320 751 2370 Πλεισθενιδῶν
802 2319 1020 2378 retinuit,
1070 2338 1154 2385 pro
1200 2338 1292 2385 quo
1347 2322 1614 2370 Dindorfius
1664 2324 1787 2368 recte
1841 2327 1993 2368 Πλει-

182 2402 400 2452 σθενιδῶν.
466 2401 715 2448 Dissimilis
753 2403 868 2450 ratio
902 2408 972 2450 est
1003 2403 1054 2451 in
1092 2406 1381 2469 anapaestis,
1423 2406 1590 2470 quibus
1628 2404 1782 2453 melici
1814 2402 1996 2451 numeri

183 2489 292 2533 sunt
323 2485 536 2533 admisti:
573 2486 638 2534 sic
672 2503 742 2535 ex.
783 2504 848 2550 gr.
887 2505 952 2536 vs.
993 2491 1117 2536 1455
1145 2494 1269 2538 recte
1291 2491 1683 2554 legitu1·‘E)oe‘vcc‚
1718 2495 1766 2538 at
1780 2506 1844 2538 VS·
1864 2490 1992 2537 1464

183 2572 392 2628 Ἑλένην.

247 2655 324 2703 Vs,
344 2659 403 2703 48
424 2673 520 2721 sqq.
587 2657 778 2705 Atridae
804 2663 1129 2723 comparantur
1157 2675 1263 2707 cum
1280 2660 1542 2708 vulturibus
1560 2660 1618 2708 ob
1639 2663 1820 2724 ereptos
1837 2657 1992 2722 pullos

181 2739 470 2801 lugentibus,
521 2741 689 2806 quibus
728 2742 925 2790 ultorem
965 2760 1014 2791 se
1052 2745 1243 2808 praebet
1283 2745 1425 2793 Deus.
1494 2745 1668 2793 Versus
1706 2744 1756 2791 hi
1795 2743 1861 2791 sic
1899 2741 1990 2804 legi

183 2822 358 2871 solent:

674 2913 843 2972 τρόπον
876 2914 1133 2974 αἰγυπιῶν,
1166 2911 1253 2963 οἵτ’
1291 2915 1537 2973 ἐκπατίοις

679 2993 854 3053 ἄλγεσι
891 2995 1063 3042 παίδων
1085 2993 1261 3043 ὕπατοι
1295 3000 1480 3056 λέχεων

805 3074 1222 3135 στροφοδινοῦνται
1253 3100 1315 3108 --
1348 3102 1408 3112 --

679 3152 862 3211 ὕπατος
896 3152 937 3202 δ’
955 3154 1063 3203 ἰιίίον
1097 3155 1123 3209 ἤ
1157 3175 1232 3212 τις
1265 3154 1517 3205 Ἀπόλλων

693 3235 718 3289 33
753 3239 856 3283 Πᾶν
889 3235 913 3290 33
950 3240 1068 3293 Ζεὺς
1103 3237 1349 3296 οἰωνόθροον

684 3316 791 3375 γόον
825 3313 1028 3376 ὀξυβόαν
1061 3317 1205 3366 τῶνδε
1238 3319 1466 3377 μετοίκων

818 3399 1138 3458 ὑστερόποινον

684 3478 857 3536 πέμπει
892 3481 1160 3539 παραβᾶσιν
1196 3476 1387 3540 Ἐρινύν.

187 3569 469 3620 Vocabulum
535 3574 782 3634 ἐκπατίοις
852 3594 878 3624 a
943 3577 1101 3625 multis
1150 3578 1267 3626 male
1319 3579 1623 3637 intellectum,
1676 3597 1702 3626 a
1752 3581 1985 3628 nonnullis
