2340 3958
305 217 331 266 7
341 218 370 264 6
1029 221 1373 267 ΑΙΣΧΥΛΟΥ

492 387 596 432 ΚΑ.
694 377 728 430 ἂ
765 376 811 429 ἄ.

1968 410 2051 449 στρ.
2068 391 2117 445 γ’.

706 486 915 551 μισόθεον
954 486 1042 550 μὲν
1081 484 1187 549 οὖν,
1229 488 1395 539 πολλοὶ
1434 486 1682 551 συνίστορα

781 597 1062 651 καύτόΦονα
1101 598 1227 661 κάκ’,
1265 597 1507 665 apa-dvm,

308 709 410 759 990

635 708 795 774 ἀνδρὸς
835 713 1076 777 σφαγεῖον
1114 709 1198 761 καὶ
1237 708 1377 761 πέδου
1416 708 1665 775 ῥαντήριον.

487 826 591 870 ΧΟ.
634 817 775 870 ἔοικεν
815 817 935 884 εὔρις
982 820 1008 879 ἡ
1049 816 1155 879 ξένη
1194 817 1327 877 κυνὸς
1368 817 1494 878 δίκην

635 922 751 978 εἶναι
773 943 783 953 ·
826 926 1030 990 ματεύει
1066 926 1105 978 δ’
1145 923 1203 978 ὧν
1242 927 1482 991 ἀνευρήσει
1521 924 1674 993 φόνον.

491 1046 595 1091 ΚΛ.
723 1036 757 1090 ὖὶ
794 1036 845 1090 0’2.

2021 933 2128 972 1094

1978 1050 2058 1085 ἀντ.
2076 1043 2127 1094 γ’.

711 1148 1002 1214 μαρτυρίοισι
1042 1148 1139 1213 γαρ
1177 1147 1315 1206 ‘rom'
1353 1145 1684 1209 ἐπιπείθομαι·

782 1256 1051 1320 κλαιόμενα
1093 1257 1284 1324 βρέφη,
1324 1256 1564 1322 amarer,

225 1330 241 1340 ᾳ
306 1370 409 1418 995

636 1367 791 1425 ὀπτάς
831 1387 886 1420 τε
927 1366 1111 1432 σαρκας
1151 1365 1264 1431 πρὸς
1303 1365 1484 1431 πατρὸς
1522 1362 1854 1428 βεβρωμένας.

483 1485 589 1530 ΧΟ.
631 1472 660 1537 ἦ
697 1479 792 1540 μὴν
831 1478 965 1535 κλέος
1012 1482 1094 1529 σοῦ
1133 1476 1365 1541 μαντικὸν
1410 1474 1702 1539 πεπυσμένοι

626 1587 793 1651 ἐσμὲν,
836 1589 1081 1655 προφήτου
1115 1586 1152 1640 δ’
1192 1587 1365 1646 οὔτινος
1404 1586 1697 1652 χατεύομεν.

308 1769 356 1807 V.
388 1770 481 1810 992.
513 1771 622 1811 Fort.
650 1771 725 1825 leg.
759 1774 807 1813 ὦν
838 1778 1021 1830 ἐρευνήσει
1050 1780 1161 1829 φόνον.

2011 1599 2117 1639 1099

309 1887 359 1927 V.
390 1889 480 1928 989.
512 1891 607 1931 990.
647 1895 829 1948 αὐτοφόνα
872 1893 954 1943 (sic)
1002 1898 1099 1936 κακὰ
1123 1899 1307 1951 καρτάναι
1337 1892 1412 1944 (vel
1438 1895 1642 1949 κάρτάνας)
1694 1891 1824 1947 ἀνδρὸς
1865 1893 2017 1944 σφάγιον
2061 1887 2123 1928 καὶ

367 1968 426 2011 (τε
454 1967 516 2005 καὶ
543 1964 678 2013 Farn.)
721 1967 833 2007 πέδον
873 1969 1088 2022 ῥαντήριον.
1118 1968 1180 2008 Μ.
1218 1971 1292 2007 cet.

1361 1967 1455 2006 992.
1495 1966 1671 2019 μαντεὺει
1694 1963 1725 2005 δ’
1750 1964 1798 2004 ὦν
1825 1967 1870 2004 ἂν
1896 1964 2034 2018 εὑρήση
2061 1960 2124 1999 Μ.

363 2038 522 2088 ματεύει
567 2035 598 2078 δ’
640 2038 707 2078 ὤν’
730 2043 923 2096 ἐφευρήσει
968 2040 1028 2080 Fl.
1096 2041 1191 2082 993.
1221 2046 1247 2082 ἀ
1275 2045 1303 2081 ἄ
1329 2040 1432 2080 deest
1458 2039 1499 2078 in
1527 2039 1632 2078 codd.
1689 2038 1781 2077 994.
1803 2038 2006 2088 κλαιόμενα
2034 2035 2125 2076 τάδε

364 2113 430 2154 (τὰ
459 2109 518 2148 Fl.
547 2109 625 2158 alii)
652 2115 778 2167 βρέφη
806 2112 867 2153 Μ.
927 2114 1020 2154 996.
1059 2116 1083 2160 ἦ
1119 2131 1192 2167 μην
1220 2116 1321 2161 κλέος
1348 2114 1408 2152 Μ.
1450 2115 1546 2165 ἦμεν
1575 2115 1676 2161 κλέος
1703 2109 1765 2150 Fl.
1781 2108 1859 2150 alii.

364 2252 460 2291 988.
488 2256 607 2295 πολλα
638 2257 836 2311 συνίστορα
851 2258 1056 2311 καύτὸφονα
1074 2254 1172 2297 κάκ’.

308 2319 520 2359 Cassandra
564 2325 770 2374 antequam
821 2323 1029 2364 instantem
1071 2324 1173 2376 Aga-

302 2387 516 2427 memnonis
541 2402 674 2428 necem
703 2390 967 2439 vaticinatur,
998 2391 1175 2432 universe

301 2453 524 2494 Atridarum
551 2455 685 2497 domus
714 2457 861 2497 scelera
895 2458 1033 2512 aperit.
1086 2457 1174 2497 Pri-

304 2532 411 2560 mum
455 2524 668 2575 generatim
709 2527 748 2565 et
790 2526 947 2566 confuse
987 2527 1177 2566 memorat

306 2589 428 2628 caedis
469 2590 724 2632 instrumenta
773 2596 812 2633 et
849 2594 1004 2641 modos,
1045 2598 1176 2650 ἀρτά-

306 2674 369 2703 νας
393 2659 470 2699 κτὲ.
502 2658 636 2698 deinde
664 2663 797 2713 aperte
819 2660 1005 2701 describit
1020 2663 1177 2702 caedem

305 2724 474 2765 filiorum
508 2726 694 2778 Thyestae
732 2741 788 2768 vs.
819 2729 923 2776 993,
955 2742 1031 2781 quo
1063 2730 1177 2770 fidem

310 2791 422 2831 addat
462 2793 673 2842 vaticiniis;
703 2795 795 2835 hinc
826 2796 874 2835 ad
906 2809 1085 2848 praesens
1118 2798 1176 2837 fa-

313 2859 422 2899 cinus
447 2861 586 2913 pergit.
617 2862 709 2902 Jam
737 2876 835 2915 quae
859 2864 898 2903 h.
915 2863 942 2903 l.
958 2877 1175 2905 memoran-

314 2928 380 2965 tur
412 2931 599 2983 ἀρτάναι,
643 2931 775 2987 ἀνδρὸς
812 2938 1012 2986 σφαγεῖον,
1066 2934 1180 2974 πέδου

313 2995 534 3050 ῥαντήριον,
565 3001 787 3049 spectentne
814 2999 860 3038 ad
879 3000 1179 3052 Agamemnonis

317 3060 468 3099 caedem
492 3075 539 3101 an
568 3064 615 3103 ad
640 3063 713 3103 alia
730 3065 846 3104 etiam
864 3065 996 3106 domfis
1014 3065 1178 3114 scelera,

315 3125 540 3179 ambigitur.
571 3132 736 3171 maxime
752 3135 912 3185 propter
926 3147 964 3173 v.
981 3139 1150 3190 ἀρτάναι
1165 3163 1177 3185 ,

316 3193 415 3243 quod
443 3196 597 3248 proprie
623 3198 810 3249 significat
836 3199 990 3252 laqueos
1020 3201 1067 3241 ad
1095 3215 1178 3242 sus-

319 3260 502 3312 pendium
546 3264 746 3305 adhibitos.
806 3266 943 3319 Itaque
987 3270 1077 3308 sunt
1119 3268 1185 3321 qui

323 3327 493 3380 cogitant
520 3334 686 3371 mortem
715 3335 889 3386 Aeropae
905 3333 964 3374 vel
980 3335 1182 3388 Hippoda-

323 3395 445 3443 miae,
489 3409 585 3448 quae
625 3411 691 3437 sua
731 3413 849 3439 manu
880 3414 920 3440 se
947 3402 1183 3442 occiderunt.

324 3462 429 3502 Mihi
482 3476 587 3504 secus
640 3465 810 3514 videtur3
851 3471 944 3520 puto
985 3471 1085 3510 tecte
1125 3470 1185 3510 his

324 3530 622 3581 Agamemnonis
656 3545 789 3574 necem
815 3534 1044 3588 significari,
1073 3537 1186 3590 idque

324 3595 461 3650 colligo
487 3611 507 3638 c
534 3611 637 3653 seqq.
660 3600 789 3642 dietis:
831 3610 1076 3661 μαρτυρίοισι
1110 3608 1186 3661 γὰρ

1252 2253 1366 2302 τοῖςδ’
1379 2257 1623 2308 ἐπιπείθομαι
1640 2255 1719 2295 κτὲ.
1756 2251 1892 2305 quibus
1905 2264 2001 2304 quae
2014 2250 2126 2292 modo

1254 2323 1391 2363 tectius
1436 2323 1676 2376 praedixerat
1703 2320 1881 2361 adhibitis
1910 2319 2022 2359 claris
2046 2322 2123 2358 tes-

1253 2390 1422 2430 timoniis
1448 2392 1663 2430 confirmat.
1692 2389 1780 2428 Hoc
1825 2401 1936 2428 sensu
1961 2392 2128 2444 ἀρτάναι

1254 2457 1388 2498 latiore
1413 2458 1687 2511 significatione
1733 2469 1805 2509 pro
1836 2456 1968 2508 laqueo
1995 2469 2027 2496 s.
2054 2455 2130 2495 reti

1255 2525 1539 2579 accipiendum,
1596 2528 1635 2565 et
1675 2525 1729 2565 sic
1786 2526 1876 2578 apte
1914 2523 1991 2564 tria
2035 2523 2128 2563 haec

1250 2593 1405 2645 jungit:
1434 2594 1616 2646 laqueos,
1637 2594 1785 2645 pelvim
1812 2606 1844 2632 s.
1874 2605 1942 2632 vas
1984 2592 2026 2631 in
2052 2603 2128 2643 quo

1256 2660 1461 2708 occiditur,
1506 2661 1613 2700 humi
1648 2661 1845 2713 riqamen,
1902 2673 1934 2700 s.
1972 2659 2128 2712 sangui·

1257 2741 1346 2768 nem
1387 2728 1429 2767 in
1471 2730 1616 2768 terram
1658 2729 1834 2768 effusum.
1891 2727 2034 2767 Similis
2067 2729 2125 2766 est

1257 2796 1320 2835 hic
1347 2808 1476 2835 versus
1517 2797 1702 2843 Senecae,
1726 2808 1801 2847 quo
1826 2795 2009 2846 Thyestes
2022 2795 2126 2846 Aga-

1257 2863 1470 2902 memnonis
1528 2863 1679 2902 caedem
1746 2862 1989 2916 praesagiens
2038 2860 2129 2900 dicit

1262 2932 1398 2982 Agam.
1427 2930 1479 2972 47
1501 2948 1510 2968 ι

1314 2998 1407 3037 lam
1434 2998 1581 3037 scelera
1593 3010 1718 3049 prope
1740 3000 1857 3042 sunt;
1875 2996 1966 3047 jam
1981 2996 2093 3036 dolus
2111 3027 2122 3044 ‚

1425 3065 1584 3110 caedes,
1618 3077 1745 3104 cruor.

1334 3133 1427 3172 994.
1469 3135 1673 3184 κλαιόμενα
1711 3137 1839 3187 βρέφη
1879 3135 1956 3174 κτὲ.
2014 3130 2131 3171 Videt

1265 3199 1420 3239 umbras
1447 3212 1655 3252 puerorum
1671 3199 1847 3251 Thyestis
1875 3202 1975 3239 tosta
2002 3212 2125 3239 mem-

1264 3267 1333 3307 bra
1359 3267 1534 3307 manibus
1560 3268 1739 3306 ferentes.
1769 3268 1819 3306 cf.
1842 3280 1900 3306 vs.
1920 3267 2023 3307 1219
2043 3280 2127 3320 sqq.

1265 3334 1329 3374 Sic
1355 3335 1395 3374 in
1422 3333 1627 3387 Raphae‘lis
1651 3333 1805 3383 tabula,
1836 3334 1876 3374 in
1903 3347 1977 3387 qua
2001 3338 2126 3375 extre-

1265 3415 1372 3442 mum
1407 3401 1592 3453 judicium
1629 3402 1777 3454 pinxit,
1825 3405 2013 3454 martyres
2040 3415 2126 3442 snr-

1266 3474 1385 3523 gunt,
1429 3468 1524 3509 alius
1566 3471 1691 3509 cutem
1732 3468 1803 3509 sibi
1832 3470 2043 3510 detractam
2071 3471 2128 3509 fe-

1264 3550 1352 3577 rens
1367 3567 1378 3584 ‚
1435 3536 1530 3577 alius
1570 3540 1710 3577 cratem
1772 3540 1936 3579 ferream
1975 3538 2016 3578 in
2057 3550 2132 3590 qua

1264 3606 1384 3645 tostus
1412 3607 1494 3645 erat
1520 3606 1743 3655 ostendens,
1773 3610 1843 3647 oet.
1873 3606 2031 3650 Schiitz.
