2340 3958
705 838 1654 902 ΑΓΑΜΕΜΝΩΝ.

1050 1390 1288 1440 ΦΥΛΑΞ.

408 1521 652 1581 ΘΕΟΤΣ
691 1528 779 1592 μὲν
819 1530 936 1582 xia-c&
976 1529 1110 1582 τῶνδ’
1149 1530 1464 1591 οέποιλλοιγὴν
1503 1527 1666 1581 πόνων.

407 1643 617 1707 φρουροῖς
655 1640 815 1699 ἐτείοις
852 1648 1004 1705 μῆκος
1043 1642 1395 1707 ἐγκοιμώμενος

409 1749 612 1812 στέγαις
649 1749 897 1817 Ἀτρειδῶν
936 1751 1155 1815 ἄγκαθεν
1193 1751 1328 1811 κυνὸς
1367 1751 1522 1814 δίκην,

406 1855 594 1925 ἄστρων
632 1858 838 1912 κάτοιδα
876 1860 1103 1927 νυκτέρων
1142 1861 1398 1928 ὁμήγυριν,

259 2007 308 2049 V.
341 2009 380 2049 1.
409 2009 449 2049 2.
493 2017 631 2063 πόνων,
664 2029 728 2067 φρ.
775 2015 922 2063 ἐτείας,

312 2085 437 2132 ἐτείας
464 2093 608 2138 μῆκος,
638 2090 680 2134 ἣν
708 2094 937 2140 κοιμώμενος
971 2089 1016 2128 V.

311 2216 381 2257 Vs.
400 2218 439 2258 1.
469 2219 716 2273 Conspicitur
738 2221 876 2261 Custos
899 2235 1016 2275 super
1029 2224 1130 2262 tecto

255 2285 385 2338 regiae
405 2289 614 2328 nocturnas
638 2288 813 2330 excubias
840 2303 970 2343 agens.
1001 2291 1127 2330 Excu-

253 2351 387 2393 bitoris
414 2367 578 2407 persona
605 2359 730 2396 sumta
768 2355 816 2396 ab
846 2357 1021 2398 Homero
1051 2359 1128 2399 Od.

254 2422 297 2472 ὃ,
331 2421 410 2462 524
438 2435 522 2474 sqq.

307 2492 370 2530 τὸν
399 2488 432 2530 δ’
449 2489 515 2548 ἄρ’
530 2495 608 2533 ἀπὸ
635 2501 789 2540 σκοπιῆς
810 2495 886 2535 εἶδε
905 2500 1038 2542 σκοπὸς
1052 2528 1063 2547 ,
1092 2499 1129 2536 ὅν

854 2580 908 2618 poe
933 2568 1105 2605 καθεῖσεν

306 2628 475 2678 Αἴγισθος
496 2629 695 2682 δολόμητις
707 2661 719 2681 ,
736 2659 747 2670 .
762 2663 772 2671 .
789 2662 800 2679 ,
837 2632 1000 2685 φύλασσε
1029 2629 1127 2685 δ’ὅγ’

863 2702 916 2744 εἰς
943 2703 1120 2742 ἐνιαυτόν.

248 2752 324 2801 S'ed
366 2766 495 2814 partes
537 2766 576 2804 et
615 2764 816 2818 ingenium
857 2767 1025 2807 hominis
1055 2780 1123 2808 suo

246 2828 406 2870 arbitrio
432 2831 655 2873 informavit
679 2834 906 2887 Aeschylus.
934 2835 1005 2875 Est
1028 2836 1122 2875 fide-

244 2895 291 2937 lis
316 2898 445 2951 regiae
472 2900 608 2941 domus
633 2901 821 2950 famulus,
853 2902 1010 2956 longam
1037 2904 1123 2944 heri

243 2963 456 3007 absentiam
483 2969 697 3021 aegerrime
724 2971 875 3019 ferens,
915 2975 958 3011 et
985 2985 1119 3024 quam·

246 3045 362 3084 quam
403 3035 539 3076 furtivi
579 3037 736 3090 reginae
763 3038 906 3078 amoris
933 3052 1011 3079 non
1051 3053 1119 3080 ne-

246 3099 366 3150 seius,
412 3102 564 3157 culpam
599 3109 729 3146 tamen
757 3105 936 3147 lubenter
963 3111 1096 3161 tegens
1106 3126 1118 3156 ς

250 3166 422 3222 idemque
435 3202 448 3219 ,
472 3173 573 3224 quod
597 3173 638 3212 in
652 3173 768 3214 talem
783 3174 980 3214 hominem
996 3176 1118 3224 cadit,

247 3232 296 3274 ob
321 3236 562 3281 dominorum
584 3241 841 3282 infortunium
856 3243 915 3282 sui
930 3244 1118 3284 commodi

247 3315 324 3342 non
351 3304 502 3348 oblitus.
561 3310 698 3350 Oratio
732 3311 929 3351 communi
957 3325 1116 3352 consue-

246 3369 371 3410 tudini
397 3376 626 3417 conveniens
652 3378 884 3418 moestitiam
907 3380 1028 3419 refert
1056 3379 1115 3419 hi-

245 3435 397 3477 laritate
419 3441 686 3496 temperatam.
717 3447 944 3500 Comparari
958 3457 1120 3500 possunt

247 3517 431 3556 personae
457 3510 696 3553 Nutricis
724 3514 763 3553 in
782 3515 1045 3567 Choephoris,
1079 3518 1117 3554 et

247 3573 492 3615 Custodis
516 3577 557 3617 in
585 3581 784 3633 Sophoclis
813 3583 1023 3634 Antigona.

968 2021 1087 2065 μῆκος
1130 2011 1162 2054 δ’
1188 2015 1231 2060 ἦν
1272 2021 1503 2068 κοιμώμενος
1546 2015 1606 2053 Μ.
1641 2021 1760 2067 μῆκος
1790 2011 1822 2053 δ’
1845 2016 1888 2060 ἦν
1931 2014 1977 2053 Β.
2015 2032 2079 2070 φρ.

1268 2223 1307 2263 2.
1349 2229 1514 2279 φρουρᾶς
1554 2225 1677 2269 ἐτείας
1703 2229 1823 2276 μῆκος
1850 2233 1926 2260 non
1959 2219 2082 2260 intell.

1210 2290 1325 2330 unius
1369 2294 1461 2330 anni
1505 2290 1710 2339 excubiae,
1754 2294 1798 2330 ut
1839 2289 1952 2328 modo
1980 2288 2081 2340 apud

1210 2359 1453 2405 Homerum,
1483 2358 1584 2412 apud
1609 2371 1722 2410 quem
1751 2362 1817 2407 τοῦ
1835 2361 1976 2398 σκοποῦ
2002 2355 2078 2395 dis-

1209 2427 1350 2466 similes
1380 2429 1471 2466 sunt
1498 2429 1649 2479 partes3
1694 2427 1759 2466 sed
1786 2425 1910 2465 intell.
1937 2423 2079 2463 multo-

1209 2507 1296 2534 rum
1325 2507 1517 2534 annorum
1545 2493 1746 2541 excubiae,
1790 2492 1891 2546 quod
1917 2490 1976 2531 vel
2019 2503 2077 2529 se-

1208 2563 1364 2614 quentia
1403 2562 1597 2602 l'ndicant:
1629 2568 1781 2618 οἴστρων
1807 2561 1966 2602 κάτοιδα
1993 2576 2078 2601 νυκ-

1205 2637 1324 2687 τέρων
1352 2633 1534 2687 ὁμήγυριν
1560 2633 1638 2672 κτὲ.

1262 2700 1301 2737 3.
1334 2703 1519 2750 ἄγκαθεν,
1550 2711 1627 2737 non
1665 2699 1746 2744 est,
1787 2699 1831 2736 ut
1859 2694 2079 2747 Hesychius

1204 2768 1243 2806 et
1279 2766 1521 2819 grammatici
1545 2770 1692 2806 veteres
1720 2766 1932 2819 putarunt,
1976 2767 2079 2804 κατὰ

1206 2839 1386 2887 συγκοπὴν
1426 2833 1570 2873 dictum
1617 2846 1688 2887 pro
1729 2836 1931 2884 ἀνέκαθεν,
1977 2830 2078 2883 quod

1203 2916 1274 2942 nec
1310 2902 1396 2942 usui
1436 2902 1665 2942 conveniens
1706 2914 1777 2941 nec
1814 2900 1964 2947 sensui3
2005 2899 2079 2938 hoc

1203 2970 1251 3010 ab
1293 2975 1448 3020 ἀνεκὰς,
1490 2972 1578 3017 ἑκάς
1618 2970 1856 3018 derivatum,
1897 2967 1991 3008 illud
2030 2965 2078 3006 ab

1203 3044 1344 3092 ἀγκάς,
1377 3041 1418 3079 h.
1434 3052 1466 3078 e.
1487 3042 1522 3079 ἐν
1541 3041 1747 3091 ἀγκάλαις,
1778 3050 1853 3090 quo
1867 3050 1946 3077 non
1960 3034 2078 3076 semel

1202 3109 1326 3147 utitur
1356 3107 1563 3147 Homerus.
1595 3111 1757 3160 ἄγκαθεν
1784 3105 1942 3160 proprie
1966 3106 2078 3144 notat

1205 3179 1246 3223 ἐξ
1274 3177 1466 3228 ἀγκάλης,
1497 3176 1598 3228 quod
1628 3177 1761 3216 eodem
1788 3188 1903 3215 sensu
1930 3174 2077 3213 dictum

1201 3248 1314 3296 atque
1345 3242 1403 3284 ἐπ’
1431 3247 1622 3296 ἀγκάληςς
1653 3244 1707 3284 sic
1736 3238 2076 3293 AeschylusEum.

1201 3313 1279 3351 80:
1334 3315 1495 3354 παλαιὸν
1542 3317 1704 3366 ἄγκαθεν
1743 3315 1870 3367 λαβὼν
1903 3316 2075 3367 βρέτας,

1200 3380 1243 3420 h.
1259 3393 1294 3420 e.
1322 3380 1366 3419 in
1394 3382 1501 3420 ulna.
1533 3382 1612 3420 Hic
1635 3381 1825 3434 significat
1848 3380 1951 3419 idem
1976 3379 2077 3430 quod

1200 3445 1260 3488 ἐπ’
1294 3453 1477 3500 ἀγκῶνος,
1516 3449 1562 3489 in
1596 3450 1746 3497 cubito,
1776 3447 1917 3488 dieitur
1935 3447 2075 3498 Odyss.

1200 3518 1246 3563 ξ,
1289 3518 1396 3565 494,
1454 3519 1498 3557 ut
1539 3520 1643 3558 recte
1678 3517 1812 3556 Klaus.
1856 3518 1894 3555 et
1934 3515 2076 3554 Herm.

1200 3581 1378 3636 Exceptis
1407 3584 1466 3624 his
1494 3584 1639 3625 duobus
1663 3584 1778 3632 locis,
1812 3587 1975 3636 ἄγκαθεν
1999 3594 2075 3621 nou
