2340 3958
254 187 274 230 1
288 187 342 230 18
917 179 1419 227 COMMENTARIUS

246 335 456 379 maloram
488 332 810 387 liberationem,
847 329 965 376 sicut
1017 329 1283 376 Klausenus
1334 332 1379 375 et
1424 345 1573 392 nuper
1606 327 1789 375 Paleius
1823 328 2055 391 explicue-

248 420 384 463 runt:
418 432 524 463 nam
558 415 684 477 ipsae
724 413 906 475 vigiliae
942 417 1072 459 erant
1107 413 1225 459 illud
1259 413 1455 468 malum,
1491 428 1583 476 quo
1619 412 1802 459 liberari
1837 429 1885 459 se
1918 418 2061 476 optat.

248 499 543 546 Hermannus
578 503 761 553 censet,
815 496 1127 544 accusativum
1177 497 1303 544 velut
1357 497 1645 560 appositione
1697 496 1909 544 additum
1961 512 2060 544 esse

249 582 553 645 praegressis,
587 581 821 628 intellecto
855 581 994 628 verbo
1033 597 1124 644 quo
1166 581 1448 642 significetur
1470 582 1517 628 in
1551 584 1689 628 mente
1722 582 1877 635 bahem
1912 580 2063 627 confe-

249 682 355 712 rens
388 666 547 726 Agam.
582 681 647 712 vs.
686 667 843 711 1095:
879 669 1169 726 μαρτυρίοισι
1210 670 1299 726 γὰρ
1347 665 1491 722 τοῖςδ’
1536 666 1857 724 ἐπιπείθομαι,
1894 665 2059 712 κλαιό-

251 770 368 809 μενα
402 749 582 810 βρέφη,
620 749 852 810 σφαγείς,
888 753 934 795 et
969 748 1058 795 alia
1091 747 1356 809 hujusmodi
1392 748 1622 811 exempla,
1658 763 1775 810 quae
1809 751 1964 794 tamen
2000 750 2064 792 at-

247 832 420 878 tentius
454 829 763 878 consideranti
810 830 1050 878 dissimilia
1086 847 1184 878 esse
1237 831 1488 894 apparebit.
1557 831 1617 878 Et
1655 834 1892 894 praeterea
1926 830 2064 877 aliam

250 913 636 962 constructionem
668 914 870 962 admittit
906 931 1091 963 carmen
1126 915 1420 962 concitatiore
1472 915 1638 962 affectu
1672 915 1863 978 plenum
1880 952 1892 971 ‚
1928 913 2063 961 aliam

250 1002 449 1063 poscunt
479 998 673 1046 trimetri
711 1015 764 1046 ac
800 999 987 1047 sedatus
1022 1015 1183 1046 sermo.
1242 998 1554 1060 Quamobrem
1587 1015 1738 1062 neque
1772 999 1888 1045 hacc
1922 997 2067 1061 expli-

252 1082 370 1129 catio
419 1083 603 1146 probari
642 1088 807 1148 potest.
874 1084 1069 1132 Accedit
1109 1100 1216 1131 vero
1268 1083 1411 1130 altera
1444 1083 1719 1140 difficultas,
1772 1099 1935 1146 parum
1972 1081 2067 1128 ani-

251 1167 490 1214 madversa
523 1168 580 1215 ab
615 1168 958 1232 interpretibus.
1014 1169 1145 1215 Dura
1178 1184 1344 1230 nempe
1380 1171 1449 1214 est
1484 1167 1764 1214 constructio
1797 1167 2065 1222 verborum,

253 1250 300 1307 ἦν
341 1251 403 1312 (h.
439 1267 477 1298 e.
513 1251 733 1313 Φρουραν)
768 1254 1076 1312 κοιμώμενος;
1126 1255 1171 1298 et
1206 1251 1310 1314 quis
1344 1267 1439 1298 non
1474 1251 1614 1298 sentit
1648 1250 1916 1312 languidam
1966 1265 2065 1296 esse

245 1335 536 1396 juncturam:
575 1333 624 1389 ἢν
655 1335 938 1395 κοιμώμενος
971 1361 1033 1367 -
1067 1335 1272 1384 κάτοιδα
1304 1336 1482 1395 ἄστρων
1517 1336 1731 1396 ὁμήγυριν
1765 1334 1868 1384 κτὲ.
1923 1331 2066 1379 Haud

225 1418 457 1481 ,pulcrius
512 1418 653 1464 latine
704 1417 778 1464 vel
817 1417 906 1464 alio
941 1417 1105 1481 quovis
1153 1434 1362 1465 sermone
1413 1417 1478 1464 sic
1513 1417 1717 1464 diceres:
1772 1417 1935 1475 „Proh
1970 1418 2068 1464 lon-

252 1518 363 1564 gum
411 1501 670 1564 vigilia-rum
706 1500 928 1564 spatium,
965 1518 1079 1565 quas
1128 1502 1302 1549 cubans
1334 1501 1613 1565 perdididici
1666 1502 1904 1549 stellarum
1938 1505 2066 1548 ortus

253 1590 300 1632 et
349 1601 537 1632 occasus
556 1585 602 1631 !''
660 1588 744 1631 etc.
817 1584 970 1631 Locus
1019 1585 1263 1632 manifesto
1319 1585 1552 1632 medicina
1608 1589 1723 1647 eget.
1793 1584 2068 1646 Gonjectura

252 1668 570 1716 Valckenaerii
602 1671 647 1715 et
670 1668 883 1729 Stanleji,
923 1669 1124 1731 φρουρᾶς
1159 1671 1318 1727 ἐτείοις
1368 1676 1523 1732 μῆχος
1573 1670 1647 1717 vel
1680 1673 1868 1732 μῆχαρ,
1902 1673 1957 1716 ut
1989 1685 2067 1732 ap-

254 1753 458 1816 positum
490 1751 785 1816 praecedenti
836 1754 1141 1815 ἀπαλλαγῆν
1187 1754 1353 1808 πόνων,
1403 1769 1568 1816 parum
1612 1753 1766 1814 juvat,
1816 1754 1957 1800 immo
2006 1770 2066 1800 ne

258 1842 365 1901 apta
406 1838 596 1901 quidem
642 1841 738 1884 est:
790 1853 899 1883 nam
947 1837 1184 1884 remedium
1233 1853 1327 1884 non
1377 1841 1447 1884 est
1480 1838 1696 1886 liberatio,
1762 1837 1939 1884 Vitium
1971 1854 2067 1884 non

256 1926 326 1968 est
372 1922 422 1969 in
472 1929 639 1983 μῆκος,
698 1921 781 1968 sed
820 1921 870 1967 in
909 1919 981 1978 ἣν,
1023 1921 1150 1985 quod
1190 1921 1341 1984 arguit
1392 1922 1530 1968 etiam
1580 1921 1791 1968 lectionis
1842 1922 2064 1969 varietas:

255 2006 332 2063 ἣν,
370 2005 441 2067 ἣν,
475 2006 547 2064 ἧν,
584 2022 667 2069 pro
704 2022 796 2070 quo
831 2006 870 2053 si
904 2006 1129 2053 scribatur
1161 2004 1232 2063 ἐν,
1269 2010 1315 2052 et
1347 2022 1508 2053 versus
1544 2005 1609 2052 sie
1643 2005 2057 2070 interpungantur:

567 2137 690 2192 θεοὺς
724 2141 809 2193 μὲν
845 2137 963 2185 αἰτῶ
1002 2133 1136 2186 τῶνδ’
1173 2127 1477 2198 ἀπαλλαγὴν
1510 2138 1667 2186 πόνων.

566 2219 765 2279 Φρουρῖις
800 2220 961 2278 ἐτείας
997 2226 1138 2279 μῆκος
1171 2221 1513 2283 ἐγκοιμώμενος

570 2306 769 2365 στέγαις
805 2305 1055 2364 Ἀτρειδῶν
1090 2329 1149 2336 -

257 2432 427 2494 optime
462 2432 564 2479 fluit
597 2433 837 2480 sententia.
892 2433 1066 2480 Taedio
1100 2434 1320 2495 fatigatus
1344 2433 1511 2481 Custos
1552 2437 1651 2481 orat
1672 2434 1882 2481 laborum
1903 2434 2065 2490 finem3

259 2515 427 2562 deinde
461 2516 640 2563 labores
674 2516 801 2573 illos,
838 2517 998 2580 quales
1034 2521 1079 2563 et
1114 2517 1275 2585 quanti
1309 2516 1424 2574 sint,
1461 2521 1798 2565 commemorat.
1866 2517 1951 2565 Est
1990 2517 2066 2564 hic

257 2600 477 2647 naturalis
530 2601 860 2663 cogitationum
911 2601 1037 2649 ordo.
1106 2601 1383 2649 Emendatio
1418 2602 1761 2663 ἐγκοιμώμενος
1809 2618 1864 2648 00
1901 2601 2067 2648 certior

259 2690 349 2741 est,
385 2685 511 2748 quod
546 2685 935 2749 praepositionem
972 2687 1020 2735 ἐν
1057 2689 1162 2732 ante
1198 2689 1399 2748 στέγαις
1436 2686 1585 2732 omitti
1618 2685 1697 2731 vix
1739 2685 1884 2732 licuit.
1952 2684 2068 2732 Nul-

258 2768 354 2814 lum
395 2773 549 2815 autem
599 2769 815 2816 vitiorum
855 2785 1002 2831 genus
1042 2769 1330 2833 frequentius
1381 2784 1519 2832 quam
1554 2768 1681 2832 quod
1727 2785 1752 2815 e
1796 2785 1936 2833 prava
1981 2768 2069 2830 syl-

258 2853 466 2899 labarum
502 2857 548 2899 et
580 2869 746 2901 vocum
779 2854 853 2902 vel
889 2853 1282 2915 conglutinatione
1323 2853 1398 2899 vel
1432 2852 1727 2899 distinctione
1772 2857 1933 2900 natum
1985 2857 2066 2900 est.

259 2936 511 2983 Maxima-m
546 2937 710 2984 horum
746 2937 925 3000 copiam
959 2937 1176 3001 Aeschyli
1209 2937 1430 2984 lectiones
1465 2935 1778 3001 suppeditant.

325 3065 401 3111 Vs.
439 3069 481 3112 4.
572 3067 750 3127 ἄστρων
785 3067 986 3116 κάτοιδα
1019 3071 1246 3129 νυκτέρων
1280 3069 1525 3128 ὁμήγυριν,

569 3153 648 3198 καὶ
683 3157 795 3207 τοὺς
829 3150 1062 3211 Φέροντας
1095 3156 1252 3213 χεῖμα
1284 3155 1365 3200 καὶ
1400 3154 1518 3210 θέρος
1555 3153 1738 3210 βροτοῖς

571 3239 818 3293 λαμπροὺς
853 3234 1117 3292 δυνάστας,
1152 3235 1484 3295 ἐμπρέποντας
1519 3234 1660 3293 αἰθέρι

570 3316 809 3375 ἀστέρας,
847 3316 962 3366 ὅταν
997 3317 1233 3377 Φθίνωσιν,
1269 3314 1477 3372 ἀντολάς
1514 3336 1569 3364 τε
1604 3322 1713 3364 τῶν.

261 3441 487 3488 Ultimum
522 3443 685 3488 horum
719 3460 958 3501 versuum,
994 3445 1214 3492 omissum
1249 3445 1306 3491 ab
1340 3444 1520 3491 Achille
1555 3444 1687 3490 Tatio
1716 3444 1835 3506 Isag.
1869 3444 1919 3491 in
1942 3445 2066 3491 Arat.

261 3543 305 3588 p.
345 3529 426 3582 81,
477 3526 556 3589 qui
602 3530 694 3573 tres
728 3527 901 3590 priores
935 3529 1118 3586 laudat,
1154 3533 1207 3576 ut
1241 3527 1470 3575 senarium
1505 3528 1624 3574 male
1668 3532 1901 3575 tornatum
1934 3528 2067 3574 obelo

262 3610 435 3657 notavit
485 3611 840 3659 Valckenaerius
894 3612 951 3659 ad
1003 3613 1162 3676 Eurip.
1208 3602 1378 3661 Phoen.
1423 3629 1486 3660 vs.
1534 3615 1651 3670 506,
1697 3628 1836 3676 quem
1881 3610 2067 3675 plurimi

2334 2979 2335 2982 „
2322 2282 2340 2929 «Λή-Μαι..
2333 2243 2340 2272 --
2331 2199 2340 2237 2...
2335 2183 2340 2188 .
2332 2166 2340 2172 .
2337 2102 2340 2105 .

2315 3335 2340 3532 unns-222<
2332 3309 2333 3313 „
2327 3220 2340 3284 .-.-
2331 3160 2334 3162 .
