2306 3944
771 234 842 282 IN
875 204 1391 280 AGfflMNONEM.
1901 232 1993 277 281

192 394 287 452 δός.
349 391 494 438 Prava
544 387 819 452 syllabarum
871 383 1126 439 distinctiO,
1177 385 1230 428 ut
1279 379 1434 436 toties,
1483 378 1727 426 lectionem
1783 380 1998 444 corrupit.

194 474 410 538 ἐπιξένια
440 487 524 537 pro
559 469 694 534 ξένια
726 483 1004 533 quamquam
1054 466 1103 512 in
1134 463 1294 512 lexicis
1327 479 1422 510 non
1454 462 1700 526 reperitur,
1743 466 1814 510 est
1845 467 2000 527 tamen

194 560 342 607 bonae
390 560 539 605 notae.
604 554 889 601 Memoratur
933 550 1148 612 ἐπίξενος
1195 548 1252 595 ab
1285 547 1542 611 Hesychio,
1583 547 1710 594 unde
1756 546 2000 610 ἐπιξενοῦ-

193 648 326 699 σθαι,
351 646 399 690 et
419 639 547 706 quod
567 638 692 686 idem
713 636 851 684 habet
874 638 952 686 ἐπὶ
983 634 1100 695 ξένα
1132 634 1256 692 δίκη,
1281 635 1436 695 aperte
1459 630 1735 679 mutandum
1758 631 1807 678 in
1837 630 1998 692 ἐπιξε.

195 731 295 785 νίας
327 727 454 786 δίκη,
489 724 532 772 h.
557 739 595 770 e.
629 721 755 768 idem
786 717 912 783 quod
944 718 1045 772 δίκη
1081 715 1260 777 ξενίας.
1311 716 1492 762 Mutato
1526 717 1568 764 δ’
1597 718 1656 774 ὡς
1687 715 1735 762 in
1763 717 1838 773 ἑῇς
1866 714 2003 762 simul

195 807 380 857 insolita
412 805 650 855 collocatio
683 802 808 852 vocis
841 799 886 851 δ’
921 799 1129 848 evitatur.

260 926 338 973 Vs.
375 926 501 972 1212
536 939 633 986 sqq.
698 919 873 967 Ultima
917 915 1202 964 Cassandrae
1249 916 1385 963 verba
1435 917 1573 964 etiam
1617 917 1813 981 turpiter
1851 934 2003 965 macu-

194 1011 286 1057 lata
318 1011 438 1056 sunt.
503 1005 562 1053 In
595 1003 724 1052 libris
755 1003 973 1064 leguntur
1007 999 1094 1047 sic:

573 1120 709 1183 ἕὶπαξ
743 1121 815 1170 ἔτ’
853 1122 999 1170 εἰπεῖν
1031 1122 1151 1180 ῥῆσιν
1181 1120 1205 1174 ἢ
1241 1122 1385 1185 Θρῆνον
1422 1122 1538 1169 θέλω

572 1204 683 1265 ἐμὶν
716 1208 795 1252 τὸν
829 1202 998 1259 αὐτῆς.
1031 1203 1142 1260 ἡλίῳ
1173 1201 1225 1249 δὲ
1256 1201 1528 1262 ἐπεύχομαι

573 1288 682 1346 πρδς
716 1283 926 1333 ὕστατον
960 1281 1062 1343 Φῶς
1097 1286 1200 1339 τοῖς
1233 1282 1364 1341 ἐμοῖς
1399 1284 1636 1343 τιμαόροις

575 1365 760 1426 ἐχθροῖς
792 1363 986 1423 Φονεῢσι
1020 1367 1122 1420 τοῖς
1156 1363 1287 1422 ἐμοῖς
1321 1367 1465 1411 τίνειν
1499 1365 1639 1422 ὁμοῦ,

574 1446 749 1502 δούλης
782 1446 1026 1503 Θανούσης,
1059 1442 1284 1504 εὐμαροῦς
1318 1442 1633 1504 χειρώματος.

192 1562 251 1610 In
284 1561 432 1626 primo
468 1576 604 1608 versu
637 1574 778 1623 quam
810 1556 1046 1604 inficetum
1081 1560 1126 1603 et
1158 1555 1379 1618 frigidum
1415 1556 1475 1603 sit
1507 1556 1624 1603 illud
1659 1561 1774 1619 ῥῆσιν
1808 1559 1832 1614 ἢ
1866 1562 2008 1621 θρῆνον

195 1647 311 1696 θέλω
343 1646 452 1706 ἐμόν
487 1649 567 1694 τὸν
601 1644 776 1701 αὐτῆς,
810 1656 946 1688 nemo
974 1655 1068 1687 non
1108 1640 1260 1688 sentit.
1327 1640 1517 1687 Frustra
1559 1641 1644 1688 viri
1678 1641 1800 1688 docti
1834 1643 2008 1704 conjec-

191 1729 309 1778 turis
330 1729 378 1776 id
401 1727 646 1777 emendare
670 1726 961 1775 studuerunt.
996 1725 1137 1788 Quod
1158 1725 1455 1773 Hermannus
1491 1726 1600 1773 olim
1634 1727 1827 1788 conjecit
1861 1732 2006 1789 ῥύσιον

194 1817 362 1876 Θρΐᾰνον,
395 1828 490 1861 non
510 1811 657 1875 magis
684 1811 816 1874 juvat
848 1826 988 1875 quam
1021 1809 1147 1873 quod
1181 1826 1330 1873 nuper
1364 1809 1546 1874 scripsit
1578 1814 1725 1872 ῥῆσιν,
1761 1814 1809 1861 οὐ
1845 1817 2006 1875 θρῆνον.

193 1897 450 1946 Cassandra
502 1912 588 1945 nec
638 1900 759 1960 ῥῆσιν
805 1895 876 1957 (h.
906 1912 943 1943 e.
995 1895 1183 1942 effatum
1227 1894 1416 1959 aliquod
1448 1895 1633 1957 longius
1680 1896 1753 1942 vel
1802 1898 2005 1961 gravius)

193 1998 279 2031 nec
328 1987 469 2043 Θρῆνον
517 1981 633 2038 edit,
684 1980 768 2028 sed
818 1979 1068 2028 vindictam
1119 1978 1208 2026 sibi
1241 1983 1467 2042 precatur.
1532 1979 1715 2027 Deinde
1754 1997 1849 2028 non
1882 1987 2006 2030 recte

196 2065 372 2114 dictum
424 2069 494 2114 est
545 2069 686 2125 θρῆνον
731 2066 840 2126 ἐμῦν
873 2066 1019 2114 εἰπεῖν
1054 2078 1138 2126 pro
1174 2066 1317 2125 θρῆνον
1351 2064 1465 2114 κατ’
1500 2064 1645 2125 ἐμοῦ,
1677 2065 1831 2112 minus
1866 2066 2005 2113 etiam

193 2152 304 2212 ἐμὶν
335 2154 416 2200 τὸν
447 2151 595 2207 αὑτῆς
628 2147 701 2196 vel
734 2148 910 2205 αὐτῆς,
942 2146 1068 2210 quod
1102 2163 1162 2194 ne
1196 2162 1412 2208 graecum
1446 2147 1635 2211 quidem
1667 2152 1801 2212 puto:
1837 2149 2006 2198 dicitur

193 2233 318 2282 enim
367 2237 478 2296 ἐμὸς
524 2235 702 2291 αὑτῆς,
749 2247 843 2279 non
888 2232 999 2292 ἐμῦς
1045 2235 1065 2281 ὁ
1109 2234 1273 2289 αὐτῆς.
1342 2231 1414 2278 Ne
1453 2231 1503 2279 in
1534 2232 1684 2280 verbis
1720 2233 2003 2296 corrigendis

193 2334 381 2383 operam
424 2316 693 2381 perdamus,
737 2315 953 2380 quisque,
988 2314 1146 2372 credo,
1179 2315 1384 2362 monitus
1419 2321 1637 2378 agnoscet
1669 2317 1856 2364 librario
1891 2319 2004 2366 haec

195 2402 377 2459 deberi,
421 2401 502 2466 qui
539 2399 959 2464 interpretamentis
993 2399 1089 2445 suis
1122 2403 1286 2462 poetae
1320 2399 1459 2446 verba
1492 2399 1850 2463 interpolaverit.
1918 2403 2005 2449 Re-

195 2487 332 2535 sectis
364 2486 476 2543 illis,
510 2490 683 2533 restant
716 2485 848 2531 haec:

583 2593 719 2656 ἅπαξ
753 2595 824 2644 ἔτ’
858 2596 1030 2644 εἰπεῖν·
1065 2597 1177 2654 ἡλίῳ
1211 2592 1251 2642 δ’
1286 2595 1557 2655 ἐπεύχομαι
1590 2619 1653 2626 ·-

194 2716 313 2766 quae
346 2700 412 2748 sic
439 2700 659 2763 corrigas:
683 2697 818 2760 ἕὶπαξ
853 2699 923 2748 ἔτ’
961 2700 1154 2759 εἴποιμ’.
1194 2698 1282 2745 Pro
1306 2698 1392 2745 hoc
1414 2698 1576 2747 vitiose
1612 2699 1832 2762 scriptum
1856 2703 2000 2752 εἰπεῖν

192 2801 350 2833 ansam
384 2784 513 2832 dedit
544 2784 730 2832 librario
763 2783 902 2831 verba
935 2782 1000 2829 sic
1034 2781 1283 2845 supplendi
1318 2786 1435 2844 ῥῆσιν
1467 2784 1491 2840 ἢ
1527 2787 1672 2845 Θρῆνον
1705 2787 1846 2841 θέλω,
1884 2802 2003 2849 quae

195 2868 363 2917 deinde
413 2869 462 2916 in
507 2873 686 2916 textum
725 2867 993 2930 migrarunt.
1061 2866 1273 2913 Forsitan
1306 2883 1414 2914 vero
1451 2867 1552 2931 quis
1587 2868 1774 2914 resectis
1808 2868 1878 2916 his
1914 2887 2004 2917 ser-

193 2954 290 3002 vari
335 2970 472 3018 posse
511 2958 644 3018 putet
676 2952 952 3001 infinitivum
985 2951 1121 3014 ἓὶπαξ
1156 2954 1228 3002 ἔτ’
1265 2956 1427 3002 εἰπεῖν.
1496 2953 1641 3017 Atqui
1675 2954 1761 3000 hoc
1796 2954 1889 3001 vim
1925 2955 2001 3002 ha-

193 3039 323 3086 beret
354 3039 627 3102 imperandi:
662 3040 790 3086 semel
821 3038 963 3085 adhuc
995 3037 1249 3099 loquendum
1276 3040 1360 3091 θοή·
1391 3036 1647 3084 Cassandra
1687 3039 1787 3086 vult
1820 3044 2001 3088 tantum

193 3123 309 3170 hoc:
343 3126 470 3171 semel
499 3124 642 3171 adhuc
673 3126 827 3187 loquar
860 3122 955 3169 sive
989 3122 1107 3184 loqui
1138 3123 1243 3168 volo.
1277 3121 1474 3185 Reliqua
1507 3122 1572 3168 sic
1608 3123 1913 3182 emendanda,
1950 3131 2000 3174 ut

193 3222 277 3270 pro
310 3210 439 3270 parte
465 3206 562 3268 jam
595 3207 651 3254 ab
686 3207 787 3253 aliis
822 3205 1065 3252 emendata
1098 3210 1234 3251 sunt:

1075 3316 1207 3369 ἡλίου
1243 3313 1284 3362 δ’
1320 3315 1591 3375 ἐπεύχομαι

519 3400 626 3458 πρὸς
662 3397 869 3446 ὕστατον
903 3396 1029 3456 Φῶς,
1067 3400 1179 3451 τοῦς
1212 3395 1353 3453 ἐμοῦς
1389 3398 1636 3455 τιμαόρους

519 3478 703 3538 ἐχθροῖς
737 3478 948 3538 Φόνευο-ιν
984 3482 1083 3533 τοῖς
1118 3476 1247 3537 ἐμοῖς
1282 3479 1420 3524 τίνειν
1453 3477 1566 3536 ἐμοῦ
1597 3503 1660 3510 ——

197 3579 390 3627 Dativus
436 3585 536 3637 τοῖς
569 3581 697 3640 ἐμοῖς
733 3584 971 3643 τιμαόροις
1022 3580 1262 3628 oscitantia
1304 3581 1477 3628 scribae
1513 3599 1537 3627 e
1572 3583 1798 3630 similibus
1849 3583 1998 3630 verbis

196 3682 261 3730 sq.
283 3682 349 3715 vs.
382 3668 563 3728 ἐχθροῖς
601 3671 699 3725 τοῖς
732 3669 861 3728 ἐμοῖς
895 3672 1032 3715 ortus,
1066 3669 1176 3727 ἡλίῳ
1207 3683 1290 3730 pro
1316 3668 1448 3722 ἡλίου
1481 3668 1661 3731 peperit
1689 3668 1852 3715 vitiosa
1882 3684 1985 3715 con-

1736 3758 1795 3800 36
