2306 3944
685 195 754 242 IN
787 189 1305 242 AGAMEMNONEM.
1816 190 1909 235 313

99 345 189 393 Pro
224 347 379 396 ἄνωθιν
414 348 568 392 autem
602 345 730 409 quod
764 342 1084 392 Blomfieldius
1117 340 1311 403 conjecit
1344 342 1551 396 ἄνευθεν,
1588 338 1674 385 etsi
1707 341 1915 402 spretum

101 429 159 476 ab
215 428 545 492 interpretibus
562 465 575 486 ,
631 429 832 476 multum
886 432 1044 475 tamen
1100 428 1314 490 praestat.
1397 423 1519 471 Nam
1568 421 1695 487 quod
1745 422 1915 470 Atreus

98 515 291 569 ἄνωθεν,
335 513 384 560 in
415 513 640 574 szffleriore
673 514 785 569 loco,
823 511 1004 559 sederet
1037 514 1090 558 ut
1125 509 1408 566 convivator,
1444 524 1550 555 cum
1582 523 1665 570 per
1699 524 1748 554 se
1781 507 1914 554 intel-

98 594 280 657 ligitur,
325 600 427 644 tum
461 596 578 644 nihil
611 596 672 643 ad
705 613 803 643 rem
814 616 828 653 3
878 595 962 643 sed
995 595 1123 659 quod
1157 594 1339 642 sederet
1374 596 1579 653 ἄνευθεν,
1618 596 1672 639 ut
1703 591 1918 640 convivas

100 678 269 726 celaret
301 680 498 738 factum,
534 681 622 727 hoc
655 679 764 726 addi
798 696 892 726 non
926 695 1262 743 supervacuum
1297 682 1406 725 erat.
1473 677 1772 724 Hermannus
1806 692 1915 724 vero

101 764 284 828 scripsit
319 764 412 812 sic:

486 894 681 953 §xpum-⁹
717 896 878 943 ἄνωθεν
912 895 1144 954 ἀνδρακὶις
1182 895 1454 955 καθημένοις

485 975 661 1034 ἄσημ’·
696 977 716 1023 ὅ
751 974 791 1021 δ’
829 974 983 1024 αὐτῶν
1018 1000 1079 1007 --

102 1101 372 1161 καθημένοις
424 1098 618 1161 conjecit
669 1099 808 1147 etiam
853 1099 1182 1156 Casaubonus3
1219 1098 1280 1146 ad
1319 1115 1508 1146 sensum
1540 1114 1705 1162 parum
1740 1103 1821 1147 aut
1853 1099 1922 1146 ni-

102 1181 170 1228 hil
202 1180 393 1230 interest
401 1203 414 1240 ;
459 1183 689 1245 judicium
734 1183 910 1248 pendet
953 1185 1011 1231 ab
1058 1200 1112 1231 eo
1157 1187 1315 1230 utrum
1347 1185 1582 1245 ἀνδρακὰς
1618 1183 1675 1230 de
1709 1183 1922 1247 pluribus

101 1269 285 1315 tantum
320 1266 413 1315 dici
441 1268 612 1332 possit,
654 1269 774 1316 sicut
807 1270 998 1326 viritim,
1033 1284 1093 1315 an
1129 1268 1186 1315 de
1220 1284 1315 1315 uno
1351 1267 1488 1315 etiam
1521 1283 1605 1331 pro
1645 1268 1922 1331 sinqulatim,

101 1352 229 1399 solus.
282 1351 357 1398 Ob
387 1352 604 1400 rariorem
634 1353 844 1400 vocabuli
872 1369 1009 1400 usum
1033 1353 1121 1399 hoc
1147 1352 1391 1400 decernere
1417 1351 1616 1400 difficile.
1661 1352 1925 1416 Hesychius

101 1435 431 1499 interpretatur
468 1437 583 1487 κατ’
617 1438 760 1499 ἄνδρα
793 1435 874 1487 ἕνα
904 1435 1125 1487 ἕκαστον.
1161 1436 1328 1484 Suidas
1365 1440 1419 1486 τὸ
1443 1438 1555 1486 κατ’
1576 1437 1744 1498 ἄνδρα,
1766 1442 1921 1499 χωρίς.

105 1520 173 1568 Cf.
207 1520 376 1569 Blomf.
411 1520 461 1568 in
496 1521 645 1568 Gloss.
680 1520 740 1568 ad
773 1521 817 1568 h.
841 1521 872 1568 l.
941 1521 990 1568 Si
1023 1520 1142 1568 illud
1175 1520 1480 1584 praeferatur,
1515 1520 1812 1569 scribendum
1837 1521 1924 1568 erit

482 1638 673 1702 ἔθρυπτ’
709 1641 916 1698 ἄνευθεν,
950 1642 1182 1702 ἀνδρακὰς
1215 1643 1484 1702 καθημένοις

486 1720 657 1782 ἄσημ’·

112 1848 206 1897 Sed
240 1863 324 1912 pro
357 1848 551 1908 ἕθρυπτε
583 1846 719 1894 multi
752 1846 862 1894 inde
896 1863 924 1894 a
947 1847 1219 1896 Casaubono
1254 1850 1547 1911 conjecerunt
1578 1851 1802 1912 ἔκρυπτε.
1845 1849 1927 1896 Ni-

107 1933 280 1981 mirum
311 1931 362 1980 in
395 1931 586 1995 Hygino
624 1934 683 1978 88
719 1931 909 1994 legitur,
951 1933 1072 1996 patri
1119 1931 1264 1998 „fcum
1298 1938 1580 1990 vesceretur,
1615 1934 1809 1980 Atreum
1842 1932 1926 1980 im-

105 2033 295 2082 perasse
330 2017 512 2064 brachia
547 2020 593 2064 et
626 2033 707 2064 ora
747 2033 999 2080 puerorum
1033 2018 1228 2066 afferri.''
1296 2018 1516 2066 Similiter
1549 2018 1786 2080 geminum
1818 2017 1928 2065 huic

105 2102 321 2167 Astyagis
370 2102 545 2150 factum
595 2101 812 2149 informat
861 2102 1131 2150 Herodotus
1179 2103 1225 2161 I,
1263 2106 1379 2160 119,
1431 2104 1512 2167 qui
1556 2103 1777 2165 Harpago
1822 2106 1929 2166 post

106 2202 312 2234 comesas
345 2186 427 2234 filii
463 2202 622 2234 carnes
657 2186 839 2234 ostendi
866 2187 1006 2248 jussit
1040 2195 1124 2243 τὴν
1168 2189 1389 2250 κεφαλὴν
1433 2192 1519 2238 τοῦ
1569 2189 1735 2246 παιδός
1770 2207 1927 2238 κατα·

104 2275 472 2333 κεκαλυμμένην
504 2276 586 2321 καὶ
621 2275 710 2329 τὰς
744 2276 914 2333 χεῖρας
949 2277 1028 2322 καὶ
1063 2278 1175 2330 ’τοῦς
1211 2273 1377 2330 πόδας.
1447 2271 1596 2335 quue
1631 2271 1699 2318 rei
1733 2286 1930 2319 conven-

105 2358 294 2401 taneum
327 2358 518 2416 putant,
559 2353 670 2417 quia
703 2353 910 2417 alioquin
944 2354 1186 2401 dimidium
1218 2358 1401 2401 tantum
1434 2354 1667 2403 vindictae
1702 2359 1930 2403 narretur.

106 2438 252 2502 Atqui
301 2437 408 2486 vide
458 2454 518 2486 ne
568 2438 655 2484 hoc
701 2438 760 2484 sit
792 2441 978 2501 poetam
1013 2439 1258 2501 corrigere,
1311 2455 1407 2486 non
1441 2443 1622 2487 textum
1657 2439 1928 2496 emendare;

108 2539 223 2570 num
254 2525 411 2569 tamen
445 2526 552 2585 apta
602 2521 662 2568 sit
713 2538 768 2569 ea
802 2522 1023 2570 correctio
1039 2561 1051 2581 ‚
1086 2523 1218 2571 valde
1254 2523 1430 2571 dubito.
1497 2524 1618 2571 Nam
1651 2524 1855 2588 primum
1890 2524 1930 2571 si

107 2607 365 2670 Aeschylus
399 2623 498 2654 rem
530 2606 595 2654 ita
630 2605 947 2670 descripsisset
980 2611 1034 2654 ut
1060 2608 1349 2666 Herodotus,
1385 2608 1664 2671 oportuisset
1697 2623 1792 2655 non
1835 2624 1930 2655 ma-

109 2708 200 2740 nus
233 2695 416 2739 tantum
451 2694 496 2738 et
528 2690 693 2754 pedes,
730 2691 812 2738 sed
845 2692 1093 2755 praecipue
1129 2697 1267 2756 caput
1299 2692 1555 2740 memorari.
1590 2693 1713 2755 Ergo
1735 2693 1930 2740 lacunae

112 2777 297 2839 signum
349 2774 622 2840 ponendum
669 2775 777 2833 erit,
829 2780 882 2823 ut
929 2777 1144 2824 nonnulli
1188 2777 1410 2825 fecerunt.
1477 2777 1661 2824 Deinde
1694 2793 1803 2825 vero
1837 2793 1933 2824 non

110 2864 233 2908 recta
261 2863 331 2907 est
346 2859 565 2921 junctura
591 2859 705 2906 haec
727 2860 994 2906 verborum:
1030 2860 1226 2922 ’s'upvvrv'
1247 2895 1259 2906 .
1282 2895 1297 2911 .
1316 2897 1329 2911 .
1348 2863 1536 2923 ἄσημα,
1566 2861 1609 2908 h.
1630 2879 1667 2909 e.
1694 2862 1850 2909 celavit
1866 2862 1934 2909 ita

111 2949 162 2992 ut
186 2944 380 3007 diqnosci
407 2960 492 2991 uon
506 2948 686 3005 possent
713 2946 909 3005 (ἄσημον
937 2945 1060 2991 enim
1088 2944 1315 3005 significat
1331 2946 1448 3007 quod
1461 2948 1582 2993 nulla
1599 2950 1703 2993 nota
1720 2947 1933 3009 distinqui

102 3032 296 3090 potest):
330 3028 417 3076 hoc
450 3028 664 3091 ineptum
675 3049 687 3084 ;
721 3030 885 3089 ἄσημα
918 3028 959 3078 δ’
988 3030 1144 3078 αὐτῶν
1178 3032 1353 3085 autem,
1388 3034 1442 3076 ut
1474 3030 1613 3077 modo
1649 3029 1765 3087 dixi,
1794 3031 1932 3093 jungi

112 3112 302 3176 nequit:
337 3128 479 3176 quare
513 3112 574 3159 ad
607 3129 773 3160 novam
809 3112 1119 3173 conjecturam
1143 3113 1229 3159 erit
1252 3113 1626 3175 confugiendum.
1678 3114 1933 3178 Aeschylea

113 3211 222 3243 vero
255 3197 455 3244 narratio
490 3198 661 3261 optime
696 3215 745 3244 se
779 3198 930 3245 habet.
998 3198 1167 3245 Atreus
1197 3199 1448 3246 comminuit
1481 3216 1731 3263 puerorum
1765 3215 1931 3266 manus

114 3284 161 3326 et
193 3278 361 3343 pedes,
397 3281 524 3344 quod
558 3281 750 3329 consilio
785 3282 882 3342 ejus
916 3281 1053 3344 plane
1093 3297 1372 3344 congruum3
1409 3282 1469 3329 ad
1500 3283 1782 3345 agnitionem
1807 3285 1931 3331 enim

15 3371 40 3419 ἱ,
114 3364 186 3411 his
220 3380 315 3411 non
347 3381 466 3428 opus
499 3370 616 3422 erat,
650 3366 734 3413 sed
769 3366 915 3430 capite
950 3369 1146 3413 tantum.
1198 3365 1446 3427 Quomodo
1482 3372 1638 3415 autem
1668 3369 1782 3416 haec
1817 3371 1933 3419 ἀνα-

117 3449 326 3510 ympno-ce,—
353 3449 474 3495 facta
501 3449 816 3513 sit‚Thyestes
844 3450 1139 3497 audientibus
1165 3450 1521 3513 intelligendum
1549 3453 1788 3517 relinquit;
1808 3453 1935 3517 quod

118 3548 228 3579 sane
269 3549 405 3580 nemo
445 3534 812 3597 reprehenderit,
866 3534 947 3599 qui
987 3538 1171 3597 reputet
1211 3539 1396 3598 poetam
1439 3554 1533 3585 non
1578 3538 1835 3586 describere
1868 3538 1934 3584 fa-

119 3619 244 3663 ctum
261 3654 273 3673 ,
308 3620 361 3664 ut
392 3616 660 3666 Herodotus
692 3618 820 3675 facit,
857 3619 938 3666 sed
971 3634 1223 3666 memorare
1257 3623 1449 3669 tantum.

1673 3712 1733 3755 40
