2340 3958
66 3671 70 3692 l

70 3742 71 3755 η

86 3656 109 3939 ἓ

78 3939 107 3958 *h

814 242 1282 291 ARfflMENmunz

1889 240 1954 290 51

476 404 699 469 λέγουσιν
739 405 871 468 ἡμᾶς
910 406 970 463 ὡς
1009 403 1282 465 ὀλωλότας,
1324 403 1376 456 τί
1410 403 1507 467 μή·;

479 519 618 578 ἡμεῖς
657 517 702 567 τ’
741 513 938 574 ἐκείνους
977 514 1122 567 ταῦτ’
1160 513 1292 580 ἔχειν
1331 511 1603 579 δοξάζομεν.

476 623 659 686 γένοιτο
692 622 731 676 δ’
769 626 830 683 ὡς
869 622 1058 691 ἄριστα.
1117 623 1370 678 Μενέλεων
1408 624 1505 689 γαρ
1543 621 1620 676 οὖν

144 738 248 787 615

477 734 658 802 πρῶτόν
695 754 750 787 τε
787 733 869 786 καὶ
910 733 1140 798 μαλιστα
1178 733 1412 800 προςδόκα
1448 739 1628 797 μολεῖν.

1877 752 1954 794 675

479 846 518 897 εἶ
551 845 591 897 δ’
631 842 706 898 οὖν
744 865 817 903 τις
856 844 997 902 ozam
1037 843 1168 906 ἡλίου
1208 864 1273 896 νιν
1312 844 1490 910 ἱστορεῖ

480 955 668 1023 χλωρόν
705 977 761 1009 τε
798 956 881 1008 καὶ
922 955 1208 1018 βλέποντα,
1248 960 1504 1020 μηχαναῖς
1545 954 1657 1013 Διὸς

478 1067 610 1120 οὔπω
649 1068 859 1126 θέλοντος
899 1065 1204 1129 ἐξαναλῶσαι
1245 1065 1381 1129 γένος

479 1178 619 1238 ἐλπίς
657 1199 730 1238 τις
770 1178 915 1231 αὑτὸν
956 1178 1069 1245 πρὸς
1109 1177 1278 1239 δόμους
1318 1175 1441 1239 ἥξειν
1481 1175 1646 1229 πάλιν.

149 1290 252 1339 620

480 1289 679 1344 τοσαῦτ’
712 1290 927 1349 ἀκούσας
967 1287 1056 1342 ἴσθι
1094 1289 1283 1350 roiano&
1321 1287 1495 1342 κλύων.

1885 1310 1964 1349 680

933 1520 1171 1565 ΧΟΡΟΣ.

483 1734 573 1792 Τίς
614 1736 723 1786 ποτ’
764 1732 1004 1798 ὠνόμαζεν
1043 1729 1118 1784 ὧδ’
1156 1734 1204 1790 ἐς
1243 1731 1297 1783 τὸ
1336 1732 1437 1783 παν
1478 1731 1752 1798 ἐτητύμως,
1808 1759 1892 1802 στρ.
1915 1744 1968 1787 α’.

375 1845 446 1908 μή
478 1864 551 1903 τις
584 1840 719 1896 ὅντιν’
752 1844 848 1908 οὐχ
873 1843 1049 1909 ὁρῶμεν
1078 1841 1330 1908 προνοίαισι
1362 1846 1445 1894 τοῦ
1476 1844 1784 1909 πεπρωμένου

709 1957 943 2017 γλῶσσαν
983 1956 1029 2007 ἕν
1067 1954 1207 2022 τύχα
1245 1953 1424 2017 νέμων,

152 2122 204 2162 V.
233 2122 327 2162 615.
359 2121 468 2162 Fort.
496 2120 574 2175 leg.
603 2122 793 2177 προςδὸκα
822 2126 930 2172 ςόειν.

1889 1975 1966 2014 685

153 2233 205 2274 V.
235 2234 327 2277 617.
371 2233 480 2274 Libri
519 2238 581 2277 καὶ
619 2242 743 2285 ζῶντα
776 2237 839 2276 καὶ
863 2237 1069 2289 βλέποντα.
1128 2232 1262 2273 Altera
1289 2231 1400 2272 lectio
1433 2233 1583 2286 prolata
1619 2245 1666 2272 ex
1702 2233 1913 2286 Hesychio.

211 2365 304 2403 614.
334 2366 522 2406 Μενέλεων
562 2368 639 2420 γὰρ
680 2363 751 2405 οὖν.
813 2363 915 2404 Illud
944 2367 1023 2420 γὰρ

154 2444 199 2470 ex
228 2430 351 2484 ellipsi
379 2432 669 2485 explicandum:
707 2432 808 2471 »Res
822 2431 918 2471 bene
933 2445 1022 2471 ver-

153 2500 232 2538 tat!
281 2498 380 2539 bono
409 2500 536 2539 animo
566 2499 704 2539 simus!
747 2512 858 2547 nam,
889 2499 922 2538 si
944 2512 1024 2539 non

154 2578 310 2614 omneS,
355 2567 578 2606 Menelaum
606 2567 759 2619 quidem
786 2567 957 2620 primum
986 2569 1024 2606 et

155 2633 327 2674 omnium
352 2635 518 2674 maxime
543 2647 789 2675 reversurum
804 2633 1022 2688 exspecta.”

154 2702 280 2754 Reges
308 2702 450 2756 quippe
477 2705 558 2742 tam
596 2716 664 2742 suo
691 2702 879 2756 praesidio
907 2715 1023 2754 quam

155 2769 312 2809 deorum
355 2770 524 2810 custodia
561 2770 726 2810 maxime
762 2770 851 2810 tuti.
909 2771 1021 2810 Cete-

153 2849 243 2877 rum
268 2837 344 2879 vid.
370 2838 590 2879 Comment.
632 2841 802 2895 χλωρὸν,
831 2838 1020 2886 viridem,

155 2905 196 2945 h.
226 2917 262 2945 e.
295 2907 488 2958 vegetum.
517 2929 572 2936 ——
612 2909 645 2947 εἰ
675 2907 706 2947 δ’
733 2907 815 2958 οὖν,
852 2908 895 2946 ut
922 2906 1023 2946 infra

155 2985 213 3012 vs.
236 2973 358 3013 1042.
402 2973 577 3026 Choeph.
601 2987 658 3014 VS.
675 2974 768 3017 571.
792 2974 832 3013 in
848 2974 919 3013 hac
929 2973 1021 3025 jun-

157 3041 265 3079 ctura
291 3041 331 3081 δὲ
361 3040 563 3094 copulandi
590 3043 742 3081 tantum
765 3041 842 3082 vim
866 3040 996 3081 habet.

215 3106 309 3148 620.
340 3108 454 3148 Canit
483 3109 634 3148 Chorus
657 3108 873 3149 luctuosum
888 3108 1024 3160 Trojae

158 3172 282 3212 fatum
308 3176 492 3227 tanquam
514 3175 658 3227 justam
674 3176 1023 3216 remunerationem

159 3239 269 3292 impii
283 3241 502 3292 hymenaei,
519 3256 633 3295 quem
648 3244 841 3296 quondam
854 3244 1019 3284 celebra-

161 3310 311 3347 verant.
339 3309 558 3351 Miseranda
572 3312 665 3351 haec
680 3310 785 3351 urbis
797 3325 879 3351 sors
889 3311 1023 3365 pulcre

163 3374 337 3427 opposita
365 3378 422 3415 est
442 3377 612 3418 Menelai
638 3381 676 3418 et
691 3380 927 3419 Graecorum
940 3380 1021 3419 luc—

78 3469 85 3500 2
162 3442 247 3490 tui,
277 3454 390 3493 quem
416 3443 457 3483 in
484 3446 734 3497 praecedente
761 3447 930 3486 carmine
958 3447 1022 3486 de-

78 3506 87 3517 b

60 3523 92 3549 Μ’

80 3550 95 3570 9.

163 3510 303 3563 pinxit.
333 3509 494 3550 Causam
508 3514 648 3565 repetit
661 3528 683 3553 a
698 3517 812 3567 raptu
826 3514 998 3554 Helenae
1012 3546 1023 3563 ‚

163 3590 262 3629 quae
298 3575 423 3615 fallaci
458 3590 619 3630 sponsae
648 3581 815 3634 imagine
841 3585 1024 3634 tanquam

165 3644 283 3685 Furia
308 3658 329 3684 a
353 3644 451 3686 Jove
472 3644 640 3688 immissa
667 3649 718 3689 sit
744 3649 948 3690 Priamidis
978 3650 1024 3690 ad

1103 2361 1360 2402 ulciscendam
1375 2362 1603 2414 injustitiam
1620 2366 1657 2403 et
1668 2364 1867 2416 perfidiam
1878 2377 1971 2417 quas

1103 2431 1223 2470 fastus
1261 2432 1298 2471 et
1322 2430 1472 2470 luxuria
1487 2430 1739 2483 peperissent.
1765 2432 1878 2484 Quod
1902 2445 1969 2485 ge-

1103 2496 1227 2537 nerali
1252 2499 1364 2538 effato
1389 2498 1434 2538 de
1454 2498 1604 2550 justitia
1630 2499 1757 2539 divina
1780 2500 1834 2539 sic
1849 2513 1972 2540 enun-

1103 2566 1198 2614 tiat,
1240 2567 1284 2606 ut
1322 2579 1368 2607 ex
1399 2566 1472 2606 hoc
1500 2566 1647 2606 monito
1677 2579 1809 2607 omnes
1839 2580 1974 2621 sapere

1105 2633 1266 2673 discant.
1298 2633 1406 2672 Hinc
1429 2633 1699 2673 adventantem
1726 2647 1857 2687 regem
1872 2635 1972 2675 salu-

1104 2703 1162 2741 tat
1178 2703 1215 2741 et
1230 2701 1380 2740 candidi
1395 2700 1535 2740 amoris
1550 2700 1803 2742 obtestatione
1818 2703 1973 2756 excipit.

1161 2769 1256 2808 622.
1298 2771 1509 2824 προνοίαισι
1549 2769 1605 2819 (h.
1631 2782 1665 2809 e.
1708 2772 1878 2826 προνοίᾳ)
1908 2774 1974 2812 τοῦ

1105 2842 1354 2893 πεπρωμένου
1397 2840 1568 2889 γλῶσσαν
1607 2842 1726 2890 νέμων
1767 2842 1803 2880 ἐν
1845 2840 1971 2894 τύχᾳρ

1090 2904 1275 2955 fatorum
1306 2918 1337 2944 s.
1353 2905 1578 2944 destinatae
1603 2906 1722 2945 sortis
1747 2907 1973 2958 praescien-

1105 2971 1170 3011 tid
1205 2972 1379 3024 linquam
1421 2976 1634 3024 opportune
1668 2986 1827 3026 reqens’,
1871 2974 1913 3015 h.
1939 2987 1974 3015 e.

1104 3051 1246 3078 nomen
1286 3052 1494 3092 suggerens
1531 3053 1716 3092 personae
1747 3054 1974 3094 congruum.

1106 3110 1142 3147 ἐν
1162 3108 1264 3161 τύχᾳ
1292 3107 1468 3147 similiter
1496 3107 1639 3147 dictum
1668 3111 1712 3149 ut
1740 3113 1777 3150 ἐν
1798 3113 1914 3165 αἴσᾳ,
1943 3114 1978 3152 ἐν

1108 3176 1210 3232 δίκῃ;
1240 3178 1354 3228 atquc
1385 3177 1483 3230 τύχη
1511 3176 1575 3215 hic
1603 3189 1686 3215 eam
1711 3177 1827 3223 habet
1855 3178 1975 3231 signi-

1104 3243 1344 3290 ficationem,
1374 3256 1448 3294 qua
1470 3248 1665 3298 τυγχάνειν
1683 3244 1877 3285 interdum
1904 3258 1975 3285 no-

1104 3312 1162 3349 tat
1205 3323 1285 3349 rem
1329 3323 1403 3349 acu
1446 3315 1632 3363 tumere,
1684 3313 1727 3351 ut
1768 3325 1825 3352 vs.
1858 3313 1978 3353 1233.

1106 3377 1282 3429 Choeph.
1310 3378 1407 3418 418.
1436 3379 1538 3426 950;
1570 3382 1628 3418 est
1657 3391 1748 3432 ergo
1762 3379 1863 3419 idem
1878 3380 1979 3432 quod

1104 3447 1276 3498 γλῶσσαν
1291 3450 1410 3498 νέμων
1427 3450 1524 3488 ὥστε
1542 3452 1681 3501 τυχεῖν.
1714 3446 1976 3487 Blomfieldius

1105 3516 1301 3565 comparat
1342 3514 1478 3566 Eurip.
1517 3514 1664 3554 Phoen.
1696 3515 1802 3555 645:
1833 3517 1977 3562 ἀληθῶς

1107 3578 1138 3621 δ’
1156 3582 1274 3634 ὄνομα
1301 3583 1520 3628 Πολυνείκην
1545 3587 1678 3639 πατὴρ
1706 3585 1810 3624 ἔθετό
1826 3598 1881 3624 σοι
1899 3584 1979 3635 θείᾳ

1107 3652 1286 3707 προνοίᾳ,
1316 3655 1460 3692 νεικέων
1488 3654 1690 3703 ἐπώνυμον.
