2340 3958
298 159 320 202 1
331 159 390 202 24
950 153 1136 200 COMM
1142 153 1450 200 ENTARIUS

356 371 433 418 Vs.
470 373 543 417 3].
614 374 677 418 τα
713 369 950 416 δεσποτῶν
985 373 1073 429 γαρ
1110 366 1160 416 εὖ
1195 370 1407 418 πεσόντα
1444 371 1649 429 θήσομαι.

286 511 438 558 Verba
476 510 587 555 haec
626 507 682 553 ab
722 505 1048 568 interpretibus
1087 523 1181 554 non
1217 523 1310 554 uno
1347 505 1485 554 modo
1523 507 1751 570 explicata
1786 511 1905 555 sunt.
1971 510 2097 558 Non·

288 595 404 643 nulli
449 592 733 655 junxerunt,
785 588 904 636 sicut
944 590 1214 647 Schiitzius,
1259 589 1310 640 εὖ
1341 593 1531 652 θήσομαι
1562 592 1793 647 πεσόντα,
1826 591 2095 641 dominorum

284 696 354 727 res
403 679 546 738 lapsas
594 672 821 720 restitutas
869 672 991 720 dabo.
1061 673 1353 738 Quamquam
1409 674 1760 721 usitatissimum
1793 679 1862 721 est
1897 674 1948 724 εὖ
1980 679 2094 725 τίθε-

284 765 416 816 σθαι,
466 759 584 805 hanc
621 761 777 804 tamen
805 757 1069 819 juncturam
1102 758 1178 806 hic
1211 775 1305 806 non
1339 758 1540 806 admittit
1574 775 1765 806 sensus:
1801 758 1851 808 εὖ
1884 762 2093 810 πεσόντα

284 849 394 895 dicit
428 852 493 896 τα
535 847 770 894 δεσποτῶν
809 849 1077 907 πράγματα
1117 847 1175 893 ob
1211 846 1393 893 felicem
1429 846 1667 909 signorum
1702 851 1917 893 eventum
1937 883 1949 902 ,
1985 861 2091 892 cum

283 947 375 996 quo
426 932 686 990 congruunt
731 927 946 989 adjuncta
991 934 1088 990 τρῖς
1129 929 1185 991 ἓξ
1230 933 1484 991 βαλούσης.
1556 930 1759 992 Quidam
1800 929 1852 980 εἷ’]
1883 931 2092 980 πεσόντα

282 1020 473 1076 θήσομαι
518 1011 840 1075 explicuerunt
888 1028 958 1059 res
992 1013 1261 1060 dominorum
1296 1015 1405 1061 mihi
1426 1015 1632 1077 feliciter
1663 1014 1872 1061 accidisse
1885 1013 2088 1074 faciam,

278 1100 322 1147 h.
358 1115 395 1146 e.
431 1097 723 1144 dominorum
753 1095 985 1143 fortunam
1018 1096 1067 1143 in
1102 1113 1257 1144 meum
1292 1097 1586 1145 commodum
1627 1102 1823 1145 vertam:
1850 1097 1954 1145 Hoc
1980 1112 2088 1144 vero

277 1199 363 1231 nec
416 1180 567 1230 verbis
622 1195 708 1227 nec
765 1195 874 1226 vero
936 1179 1120 1227 candidi
1182 1181 1342 1228 famuli
1393 1181 1549 1229 sensui
1599 1181 1890 1229 conveniens.
1958 1180 2090 1243 Quos

275 1265 593 1316 Blomfieldius
647 1263 708 1311 ad
762 1263 1090 1327 explicandum
1137 1283 1178 1313 v.
1232 1251 1431 1317 ἦθεσθαι
1499 1270 1734 1330 comparat
1781 1264 1987 1312 Platonis
2043 1268 2089 1311 et

278 1350 516 1416 Sophoclis
550 1350 676 1396 locos
692 1386 704 1405 ,
738 1347 848 1394 huic
875 1347 1120 1396 dissimiles
1144 1354 1264 1398 sunt.
1310 1350 1368 1397 In
1400 1350 1607 1398 Platonis
1640 1350 1742 1397 loco
1779 1349 1836 1396 de
1867 1349 1983 1412 Rep.
2015 1348 2058 1395 X
2074 1386 2088 1405 ,

276 1454 322 1500 p.
343 1438 437 1482 604
467 1433 524 1490 C,
558 1431 727 1493 legitur
762 1435 870 1494 πρὶς
906 1437 971 1481 τα
996 1435 1288 1483 πεπτωκότα
1315 1436 1520 1484 τίθεσθαι
1543 1439 1609 1483 τέι
1624 1437 1777 1483 αὑτοῦ
1794 1431 2086 1495 πράγματα.

274 1521 318 1566 h.
360 1535 397 1566 e.
436 1534 509 1565 res
548 1532 655 1563 suas
691 1515 904 1562 fortunae
938 1515 1296 1564 accommodare.
1368 1517 1609 1582 Sophoclis
1660 1521 1817 1563 autem
1846 1532 2007 1564 versus
2038 1516 2087 1563 in

277 1604 461 1652 Stobaei
493 1601 647 1649 Floril.
683 1601 734 1648 Τ.
773 1602 865 1647 108
888 1638 900 1657 ,
937 1602 995 1647 51
1015 1639 1027 1658 ,
1061 1605 1185 1649 recte
1221 1602 1280 1649 sit
1314 1602 1427 1665 legit
1457 1602 1750 1650 Brunckius:

628 1767 843 1827 στέργειν
872 1765 923 1813 δὲ
965 1766 1278 1824 τῖιμπεσόντα
1304 1767 1386 1815 κεύ
1418 1769 1566 1816 θέσθαι
1592 1769 1758 1827 πρέπει

623 1849 766 1911 σοφὸν
799 1851 1030 1910 κυβευτὴν
1049 1888 1062 1906 ,
1096 1851 1236 1898 ἄλλα
1261 1857 1324 1910 μῆ
1356 1853 1534 1899 στένειν
1560 1853 1735 1911 τύχην.

273 2001 424 2063 Vulgo
491 1999 610 2046 male
678 2004 759 2048 καὶ
809 2002 980 2050 θέσθαι.
1047 1999 1106 2046 In
1155 2003 1320 2047 neutro
1370 2000 1536 2047 horum
1589 2002 1790 2048 τίθεσθαι
1845 1997 1912 2044 ita
1954 1995 2081 2044 nude

271 2086 475 2150 positum
494 2087 574 2131 est.
624 2083 740 2141 Hic,
776 2083 816 2130 si
851 2099 1014 2130 sanum
1039 2087 1130 2139 est,
1164 2087 1355 2145 θήσομαι
1386 2101 1470 2148 pro
1507 2087 1618 2140 θήσω
1649 2083 1853 2148 positum
1876 2086 1922 2130 et
1941 2082 2082 2130 verba

272 2170 338 2216 sic
370 2167 673 2230 intelligenda
705 2170 758 2214 ut
789 2167 840 2214 in
875 2167 1172 2215 annotatione
1208 2168 1381 2216 monui.
1452 2167 1591 2230 Quod
1629 2183 1910 2231 quamquam
1942 2166 2080 2229 plane

270 2253 529 2318 improbare
583 2268 679 2299 non
729 2251 902 2309 ausim,
953 2268 1098 2316 quum
1141 2252 1400 2315 Aeschylus
1434 2252 1619 2316 saepius
1652 2251 1854 2299 mediam
1887 2252 2082 2299 formam

270 2354 354 2402 pro
394 2338 542 2385 activa
580 2339 773 2400 usurpet
811 2335 872 2396 (V
872 2335 937 2383 id.
964 2335 1220 2384 Comment.
1256 2335 1317 2383 ad
1349 2353 1416 2384 vs.
1453 2339 1546 2383 266
1584 2339 1726 2400 sqq.),
1759 2340 1915 2383 tamen
1947 2335 2082 2384 valde

266 2421 502 2486 probabile
553 2420 668 2467 mihi
720 2419 905 2468 videtur
921 2458 934 2478 ‚
974 2419 1147 2467 inserta
1180 2419 1313 2467 litera
1346 2436 1465 2484 quae
1500 2420 1674 2467 centies
1708 2406 1950 2468 obscurata
1989 2422 2082 2476 est,

271 2507 409 2555 verba
443 2506 509 2553 sic
541 2504 740 2567 legenda
775 2520 904 2551 esse:

627 2673 692 2716 τα
727 2669 963 2718 δεσποτῶν
996 2672 1085 2728 γαρ
1121 2666 1173 2716 εῧ
1207 2667 1398 2717 πεσόντ’
1436 2669 1716 2728 αθρήσομαι,

270 2839 341 2870 res
373 2823 643 2870 dominorum
663 2824 931 2884 fortunatas
963 2821 1217 2883 adspiciam.
1282 2820 1413 2868 Haec
1447 2825 1544 2868 erat
1576 2820 1826 2884 praecipua
1859 2819 1956 2880 ejus
1989 2818 2078 2864 lae-

270 2906 398 2953 titiae
432 2923 605 2954 caussa.
673 2906 880 2954 Similem
923 2906 1204 2953 medicinam
1251 2906 1455 2969 postulat
1496 2921 1562 2953 vs,
1595 2905 1755 2968 Eurip.
1789 2903 1915 2951 Med.
1953 2905 2077 2950 532:

272 2992 393 3040 ἀλλ’
430 2992 511 3040 οὐκ
545 2993 745 3053 ἀκριβῶς
779 2992 896 3041 αὐτο
934 2993 1124 3051 θήσομαι
1159 2994 1292 3047 λίαν,
1338 3005 1422 3053 pro
1467 3003 1559 3052 quo
1601 2987 1699 3049 jam
1741 2988 1975 3034 Porsonus
2015 2986 2079 3032 le-

272 3074 478 3136 gendum
518 3075 711 3136 conjecit
757 3076 864 3125 αἰίτ’
903 3077 1150 3136 ἶιθρήσομαι
1189 3079 1316 3124 λίαν.
1383 3073 1542 3120 Altera
1587 3071 1870 3128 emendatio,
1914 3070 1965 3118 m‘
1997 3070 2078 3117 fal-

272 3159 364 3215 lor,
400 3159 637 3205 confirmat
670 3160 875 3207 alteram.

341 3241 555 3289 Ceterum
603 3259 699 3290 non
749 3244 858 3290 satis
910 3260 1097 3291 caussae
1146 3242 1261 3290 mihi
1311 3257 1410 3288 esse
1460 3239 1641 3288 videtur
1691 3255 1773 3286 cur
1806 3237 2077 3286 exclamatio

276 3327 342 3374 ἰοῦ
390 3327 460 3373 ἰού
511 3341 535 3371 e
586 3327 813 3373 sententia
844 3327 1102 3374 Hermanni
1142 3328 1467 3389 transponatur
1515 3328 1621 3371 ante
1659 3340 1724 3372 vs.
1762 3325 1820 3371 21
1870 3323 1901 3373 ὦ
1933 3327 2078 3384 χαῖρε

277 3402 509 3469 λαμπτὴρ
543 3412 648 3459 κτὲ.
690 3427 839 3475 neque
876 3428 957 3459 cur
988 3411 1112 3459 Med.
1147 3410 1282 3458 lectio
1317 3412 1518 3470 σημαίνω
1552 3407 1685 3455 cedat
1717 3408 1832 3455 Ven.
1869 3413 2074 3468 σημανῶ.

275 3493 499 3539 Praesens
538 3497 721 3557 tempus
771 3495 1061 3542 commodum
1104 3499 1173 3542 est
1207 3492 1531 3555 significandae
1566 3492 1735 3539 actioni
1769 3509 1886 3556 quae
1921 3491 2073 3539 statim

280 3577 497 3641 sequitur.
566 3578 632 3626 Cf.
668 3595 730 3627 vs.
770 3581 924 3626 1431:
962 3585 1039 3629 καὶ
1075 3581 1200 3634 τήνδ’
1235 3580 1419 3634 ἀκούεις
1455 3580 1607 3639 ὁρκίων
1638 3578 1757 3638 ἐμῶν
1793 3579 1921 3627 θέσιν.
