2340 3958
30 3383 34 3405 -„
29 3323 38 3360 ,-
28 3294 35 3300 2
27 3254 36 3273 ,μ
27 3226 35 3238 ,

86 3872 87 3878 ς
48 3280 94 3858 κιανξξῑὲῥῆὲῗῳὲῗᾋῦἷὲξῧῧύῗῷ
52 3252 62 3270 ⁷³
55 3206 69 3229 '⁴'
71 3143 73 3146 ·

874 200 1340 250 ΑΓΑΜΕΜΝΩΝ.
1939 194 2004 243 97

567 364 663 427 ἐγὼ
696 363 735 415 δ’
772 362 988 429 οΞτρέστῳ
1025 359 1195 430 καρδία
1230 360 1342 428 πρὸς
1382 357 1562 418 εἰδότας

570 472 701 536 λέγω
718 491 728 501 ·
767 471 828 525 σὺ
861 470 901 523 δ’
938 471 1083 524 αἰνεῖν
1120 467 1218 523 εἴτε
1254 489 1320 534 με
1357 468 1530 536 ψέγειν
1566 465 1716 525 θέλεις
1733 507 1747 528 ,

564 574 743 647 ὅμοιον·
783 575 917 638 οὗτός
956 579 1084 630 ε’στιν
1122 574 1476 641 Ἀγαμέμνων,
1516 575 1630 640 ἐμὸς

565 689 732 752 πόσις,
773 687 926 754 νεκρὸς
965 686 1039 750 δὲ,
1078 685 1218 748 τῆςδε
1255 685 1415 749 δεξιοῖς
1451 685 1595 753 χερὸς

201 803 339 853 1295

1902 700 2005 740 1405

563 797 727 866 ἔργον,
767 796 956 855 δικαίας
992 796 1222 854 τέκτονος.
1260 795 1370 848 ταδ’
1409 792 1482 848 ὧδ’
1521 794 1641 861 ἔχει.

416 917 521 962 ΧΟ.
782 905 834 958 τί
867 904 1043 967 κακὸν,
1082 900 1117 956 ὦ
1156 903 1328 967 γύναι,
1913 926 1998 965 στρ.

709 1014 1022 1081 χθονοτρεφὲς
1061 1011 1221 1066 ἐδανὸν
1262 1011 1291 1074 ἢ
1330 1011 1474 1065 ποτὸν

642 1124 914 1188 πασαμένα
949 1125 1096 1192 ῥυτοῖς
1134 1121 1189 1185 ἐξ
1225 1122 1344 1181 οὶλὸς
1381 1120 1591 1188 όρμενον,

636 1235 744 1288 τόδε
780 1233 825 1288 τ’
865 1234 969 1288 ἔθου
1011 1234 1114 1294 θύος
1152 1233 1421 1300 δημοθρόους
1458 1235 1505 1286 τ’
1540 1230 1687 1299 ‹ipah-3

202 1347 342 1398 1300

679 1342 901 1403 οὶπόδικος
916 1386 932 1406 ,
970 1342 1207 1408 οὲπότιμος
1225 1386 1240 1406 ,
1280 1341 1455 1401 ἄπολις
1488 1340 1527 1394 δ’
1566 1341 1659 1395 ἔσει
1674 1385 1688 1404 ,

1905 1359 2010 1399 1410

748 1459 888 1516 μῖσος
925 1451 1157 1520 ὄμβριμον
1195 1453 1378 1512 οἰστοῖς.

419 1573 527 1619 ΚΛ.
567 1569 646 1618 νῦν
684 1564 773 1629 μὲν
810 1563 1015 1631 δικάζεις
1053 1565 1106 1617 ἐκ
1144 1563 1329 1622 πόλεως
1366 1563 1533 1631 φυγὴν
1571 1562 1673 1627 ἐμοὶ

570 1674 653 1727 καὶ
690 1679 829 1738 μῖσος
867 1674 1026 1727 οἰστῶν
1064 1673 1312 1740 δημόθρους
1345 1675 1392 1726 τ’
1429 1672 1561 1738 ἔχειν
1598 1671 1741 1739 dms,

568 1782 694 1835 οὐδὲν
731 1781 832 1836 τότ’
871 1782 998 1848 ἀνδρὶ
1036 1782 1145 1849 τῷδ’
1182 1782 1389 1836 ἐναντίον
1426 1783 1579 1851 φέρων
1597 1799 1609 1810 ·

206 1896 343 1947 1305

570 1891 619 1953 ὃς
657 1895 708 1946 οὐ
747 1897 984 1960 προτιμῶν
1022 1892 1213 1960 ὦςπερεὶ
1251 1893 1399 1957 βοτοῦ
1437 1892 1602 1959 μόρον,

1909 1910 2012 1950 1415

568 2004 735 2068 μήλων
771 2002 1018 2072 φλεόντων
1055 2002 1270 2063 εὐπόκοις
1309 2002 1604 2068 νομεύμασιν
1625 2045 1639 2064 ,

570 2111 727 2166 ἔθυσεν
767 2115 914 2167 αὑτοῦ
953 2113 1136 2177 παῖδα,
1177 2111 1426 2181 φιλτάτην
1465 2111 1570 2177 ἐμοὶ

572 2221 707 2284 ὠδῖν’,
747 2222 927 2288 ε’πῳδην
964 2222 1148 2290 θρηκίων
1185 2221 1436 2286 οὲημοὲτων.

206 2408 259 2451 V.
289 2409 410 2451 1299.
448 2407 526 2451 τόδ’
554 2413 687 2451 ἐπέθου
717 2410 887 2455 (ἐπεὺθου
914 2410 1049 2459 Farn.)
1079 2411 1174 2457 θύος.
1233 2409 1353 2450 1300.
1383 2409 1582 2459 ἀπέδικες,
1609 2414 1801 2461 ἀπέτεμες
1829 2407 1887 2447 vel
1917 2413 2018 2450 ἀπέ-

258 2498 410 2535 ταμες,
454 2483 604 2528 ἄπολις.

260 2555 380 2595 1308.
409 2555 550 2609 ἒπῳδὸν
579 2558 735 2612 θρηκίων
758 2571 802 2596 τε
831 2557 1053 2607 λημμάτων.

204 2699 522 2752 Agamemnonis,
551 2700 595 2740 ut
621 2712 735 2751 quam
765 2712 867 2738 nunc
896 2699 1065 2752 primum

205 2767 333 2807 Choro
373 2770 571 2815 narraret,
615 2767 680 2807 sed
708 2768 855 2814 εἰδότας
882 2770 948 2814 τὴν
975 2771 1067 2820 ἐμὴν

206 2838 392 2891 ἄτρεστον
415 2835 587 2890 καρδίαν.
629 2835 690 2875 Ad
717 2832 834 2876 verba
849 2833 953 2881 οὗτός
973 2838 1071 2876 ἐστιν

205 2900 446 2956 Ἀγαμέμνων
469 2903 636 2944 detrahit
658 2902 785 2943 velum
804 2904 843 2942 et
862 2905 1066 2956 Agamem-

203 2972 313 3010 nonis
350 2971 510 3011 cadaver
537 2972 578 3011 in
604 2970 711 3011 labro
743 2971 873 3022 jacens
921 2971 983 3020 (cf.
1009 2984 1066 3011 vs.

205 3039 327 3088 1539)
356 3039 521 3080 ostendit
546 3040 690 3080 Choro.
720 3039 829 3086 τῆςδε
853 3039 979 3085 δεξιᾶς
996 3055 1068 3092 χε-

204 3111 269 3164 ρὸς
296 3111 400 3164 ἔργον
425 3107 526 3147 idem
553 3107 653 3160 quod
682 3108 792 3155 τῆςδε
825 3107 951 3154 δεξιᾶς
981 3109 1067 3161 χεί-

204 3192 347 3231 ρωμα,
379 3178 423 3215 ut
449 3175 544 3215 dixit
570 3188 626 3215 vs.
654 3176 774 3214 1326.

262 3244 382 3284 1296.
409 3245 449 3285 τὶ
478 3247 609 3296 κακὸν,
642 3244 671 3284 ὦ
698 3243 828 3295 γύναι,
859 3245 936 3284 κτὲ.
994 3260 1066 3284 κα-

206 3314 265 3351 κὸν
291 3313 348 3350 est
374 3324 445 3364 pro
471 3311 706 3351 substantivo
748 3312 861 3363 idque
899 3311 1066 3350 refertur

204 3379 251 3418 ad
272 3382 476 3430 utrumque
496 3379 586 3418 hoe:
612 3382 720 3422 κακὸν
733 3380 855 3421 ἐδανὸν
864 3383 1066 3435 χθονοτρε-

206 3452 271 3500 φές
315 3448 353 3485 et
390 3450 498 3492 κακὸν
531 3451 643 3490 ποτὸν
679 3449 722 3495 ἐξ
765 3450 852 3495 ἁλὸς
879 3447 1033 3503 ὄρμενον
1049 3476 1060 3498 ,

204 3527 390 3554 venenum
431 3516 668 3556 esculentum
709 3530 730 3556 e
772 3521 879 3557 terra
916 3517 1063 3555 editum

207 3582 269 3621 vel
297 3583 547 3634 poculentum
589 3597 612 3623 e
649 3584 750 3624 mari
790 3585 974 3630 ductum,
1021 3585 1062 3621 ut

677 2482 795 2522 1301.
829 2481 990 2538 ὄβριμον
1021 2481 1082 2521 Fl.

1161 2482 1272 2521 1304.
1304 2481 1403 2522 οὐδὲν
1429 2481 1519 2522 τόδ’.
1581 2482 1700 2521 1306.
1728 2481 1888 2528 εὐτόκοις
1916 2482 2016 2522 Ven.

1146 2700 1263 2740 vertit
1296 2698 1504 2752 Hauptius.
1535 2700 1578 2746 ἐξ
1607 2700 1695 2746 ἁλὸς
1723 2699 1876 2755 ὄρμενον
1893 2711 2012 2752 oppo-

1149 2768 1256 2808 nitur
1301 2774 1357 2822 τῷ
1398 2770 1666 2823 χθονοτρεφὲς,
1711 2767 1799 2819 quia
1841 2769 1884 2807 ut
1911 2770 2017 2808 terra

1148 2836 1320 2888 frugum,
1337 2836 1390 2876 sic
1413 2848 1519 2875 mare
1540 2834 1711 2874 humoris
1734 2835 1819 2874 fons
1839 2834 2016 2876 habetur.

1155 2903 1277 2945 ἐδανόν
1303 2903 1451 2942 notavit
1479 2902 1722 2953 Hesychius:
1753 2903 1888 2955 ἑδανά,
1922 2904 2016 2944 ἐδώ-

1152 2972 1271 3024 διμα,
1315 2976 1515 3027 βρώσιμα.
1566 2971 1728 3022 ἐδανοῖς,
1771 2974 1985 3028 βρωσίμοις
2003 2982 2014 2994 ’

1152 3040 1344 3093 Αἰσχύλος.
1367 3060 1421 3068 -
1449 3041 1560 3095 ῥυτὸς
1579 3039 1774 3092 epitheton
1801 3040 1940 3088 maris,
1972 3042 2015 3080 ut

1150 3110 1261 3164 ὑγρὸς
1303 3106 1403 3159 apud
1433 3107 1672 3154 Homerum;
1719 3106 1849 3146 eodem
1891 3107 2015 3148 utitur

1148 3174 1376 3227 Sophocles,
1409 3177 1450 3213 ut
1476 3174 1742 3214 animadvertit
1772 3175 1912 3216 Herm.
1941 3177 2010 3215 Se·

1148 3242 1302 3294 quentia
1334 3241 1496 3294 explicui
1525 3242 1566 3282 in
1591 3243 1807 3282 Comment.

1205 3311 1324 3349 1305.
1361 3310 1398 3357 ὃς
1437 3312 1478 3351 οὐ
1515 3319 1713 3369 προτιμῶν
1741 3314 1903 3368 ὡςπερεὶ.
1927 3313 2005 3353 κτὲ.

1148 3377 1251 3430 nQui
1264 3377 1360 3417 sieut
1375 3379 1528 3431 pecudis
1542 3392 1694 3427 necem,
1710 3379 1750 3418 in
1766 3392 1904 3432 magna
1918 3392 2006 3432 gre·

1143 3458 1235 3498 gum
1257 3444 1485 3486 abundantia
1498 3477 1510 3494 ,
1540 3447 1578 3486 id
1597 3446 1708 3486 nihili
1723 3446 1885 3495 ducens,
1901 3447 2005 3495 sive,

1143 3527 1221 3553 non
1261 3513 1382 3567 pluris
1418 3514 1457 3554 id
1483 3515 1623 3554 faciens
1655 3527 1769 3567 quam
1801 3515 1912 3554 hoedi
1947 3513 2004 3555 vel

1142 3594 1262 3634 agnae
1307 3594 1464 3629 necem,
1509 3582 1721 3623 immolavit
1752 3595 1858 3622 suam
1887 3582 2005 3635 ipsius

1748 3661 1807 3707 13
