2340 3958
846 171 1316 220 ΑΓΑΜΕΜΝΩΝ.
1922 164 1990 212 59

513 334 652 392 ἐλπὶς
693 334 874 400 ποοςῄει
912 339 1073 399 χρεῖος
1111 333 1162 384 οὐ
1202 329 1521 397 πληρουμένῳ.

513 444 679 509 κοοπνῷ
712 441 751 493 δ”
790 442 982 494 ἁλοῦσαι
1020 445 1099 494 νῦν
1138 440 1206 493 ἔτ’
1245 441 1453 505 εὔσημος
1493 438 1645 497 πόλις.

513 551 635 614 ἄτης
675 551 872 604 θύελλαι
912 550 1078 616 ζῶσιν,

1121 550 1450 616 ἀνθρώσκουσοο
1481 549 1527 602 δὲ

180 667 282 717 730
519 660 691 720 σποδὸς
731 660 1004 726 προπέμπει
1044 660 1212 718 πίονοις
1253 659 1462 712 πλούτου
1501 658 1666 717 πνοοὲς.
1915 677 1996 717 820

512 770 689 823 τούτων
727 769 865 821 θεοῖσι
903 769 1000 835 χρη
1040 769 1377 833 πολύμνηστον
1413 769 1559 835 χάριν

510 879 675 941 τίνειν,
717 878 912 944 ε’πείπερ
950 879 1236 944 χοὲρποογοὶς
1276 879 1566 945 ὑπερκόπους

508 987 859 1054 ε’προοξοέμεσθοο
897 988 980 1041 καὶ
1021 988 1246 1052 γυναικὸς
1286 986 1456 1041 οὕνεκοο

508 1099 646 1152 πόλιν
683 1097 965 1162 διημοὶθυνεν
1006 1101 1222 1164 Ἀργεῖον
1261 1098 1433 1161 δάκος,

180 1212 281 1262 735
512 1206 658 1262 ἵππου
704 1209 918 1273 νεοσσὸς,
956 1209 1283 1278 ἀσπιδηφόρος
1325 1210 1497 1276 λόχος·
1917 1229 1996 1268 825

512 1320 762 1386 ὑπερθορὼν
800 1319 849 1372 δὲ
890 1320 1070 1386 πύργον
1110 1321 1334 1384 ὠμηστὴς
1373 1320 1519 1384 λέων,

512 1427 693 1494 πήδημ’
733 1429 928 1496 ὀρούσας
966 1431 1106 1498 ἀμφὶ
1148 1430 1397 1484 Πλειοὲδων
1438 1430 1593 1493 δυ’σιν,

182 1651 232 1691 V.
256 1650 350 1694 736.
377 1650 468 1693 737.
499 1649 606 1690 Libri
628 1650 780 1691 inverso
803 1650 937 1690 ordine
964 1650 1043 1690 sic:
1087 1652 1236 1704 πήδημ’
1266 1653 1423 1708 ὀρούσας
1452 1675 1503 1681 —-
1529 1654 1744 1707 ὑπερθορὼν
1772 1654 1823 1694 δὲ.

180 1771 232 1811 V.
261 1770 356 1814 727.
385 1773 512 1826 χειρὸς
534 1772 584 1812 οὗ.
646 1769 739 1812 729.
769 1776 900 1824 ζῶσιν,
925 1774 1190 1817 συιῖθνήσκουσα
1215 1771 1254 1811 δὲ
1274 1772 1421 1817 σποδὸς.
1483 1771 1578 1814 732.
1608 1773 1764 1828 ἐπείπερ
1781 1774 1844 1813 καὶ
1857 1776 1995 1824 πάγας.

234 1843 329 1887 735.
357 1844 658 1899 ἀσπιδηστρόφος
686 1846 775 1890 λεώς
805 1843 865 1882 Fl.
894 1843 1121 1900 ἀσπιδοστρ.
1151 1844 1243 1889 λεώς
1271 1843 1390 1883 Farn.

240 2008 334 2052 727.
386 2012 488 2056 ἐλπὶς
531 2016 686 2066 προςῄει
724 2016 867 2065 χρεῖος.
926 2025 1047 2067 προς-

186 2082 280 2119 :tm
321 2090 408 2116 cum
450 2077 575 2118 dativo
617 2078 807 2130 significat
848 2092 927 2118 rem
968 2080 1045 2118 ali-

183 2158 298 2197 quam
326 2158 547 2198 capessere,
576 2159 715 2185 manus
743 2147 802 2186 rei
830 2147 1047 2187 admovere.

184 2213 324 2252 Sensus
351 2213 470 2265 igitur
498 2216 579 2253 est:
609 2213 786 2254 Alteram
813 2228 952 2254 urnam
980 2228 1045 2254 ea-

182 2280 345 2333 pessivit
369 2282 498 2321 tenuis
522 2282 638 2334 Spes,
659 2295 737 2322 non
750 2282 970 2334 impletam,
984 2283 1048 2322 sed

183 2361 344 2388 vacuam
364 2348 549 2388 relictam.
579 2349 729 2401 Adjeet.
749 2357 876 2406 χρεῖος
906 2350 1048 2403 optime

183 2416 387 2469 respondet
413 2417 558 2468 adjecto
583 2419 623 2459 οὐ
637 2420 896 2475 πληρουμένῳ.
935 2420 1046 2458 Cete-

185 2496 273 2524 rum
309 2484 356 2523 de
393 2483 491 2524 binis
529 2485 638 2525 urnis
665 2490 703 2525 et
737 2486 909 2534 calculis,
940 2487 1046 2526 dam-

1128 2010 1257 2048 matur
1269 2027 1279 2056 3
1284 2010 1422 2062 ferum
1434 2010 1542 2048 vocat
1556 2008 1742 2060 Virgilius
1753 2010 1850 2048 Aen.
1862 2007 1993 2055 11,51,

1128 2079 1167 2117 et
1197 2077 1251 2116 sio
1287 2076 1436 2129 plenius
1477 2076 1706 2116 describitur
1743 2090 1765 2116 a
1804 2076 1995 2128 Tryphio-

1128 2146 1247 2192 doro,
1292 2158 1407 2197 quem
1449 2144 1578 2184 laudat
1620 2144 1826 2184 Stanleius.
1884 2147 1997 2186 ἵππου

1127 2219 1273 2261 νεοσσός
1313 2215 1447 2253 ornate
1479 2226 1551 2266 pro
1583 2217 1722 2266 ἵππος,
1766 2213 1806 2252 in
1835 2225 1909 2265 quo
1933 2213 1997 2264 ju-

1127 2281 1263 2321 venilis
1290 2282 1435 2335 vigoris
1463 2281 1690 2334 significatio
1718 2281 1837 2321 inest:
1873 2281 1928 2320 sio
1955 2281 1996 2320 in

1126 2349 1167 2388 in
1196 2349 1464 2402 Aristophanis
1498 2350 1598 2390 Ran.
1629 2363 1683 2390 vs.
1716 2350 1820 2392 1478
1850 2362 1995 2388 memo-

1127 2419 1237 2457 ratur
1265 2417 1444 2469 Aeschyli
1473 2417 1616 2456 dictum
1655 2419 1811 2471 σκύμνος
1839 2419 1995 2463 λέοντος.

1127 2485 1252 2525 Simili
1285 2499 1397 2525 sensu
1428 2485 1614 2538 Virgilius
1640 2486 1782 2537 Georg.
1803 2484 1875 2524 III
1891 2515 1902 2532 ‚
1920 2485 1995 2531 75,

183 2549 363 2591 nantibus
391 2554 429 2591 et
451 2551 752 2600 absolventibus,
785 2553 896 2606 plura
920 2555 1051 2621 Span3
1118 2554 1276 2606 pecoris
1297 2554 1476 2606 qenerosi
1498 2555 1654 2605 pullum
1683 2553 1775 2592 dicit
1802 2565 1872 2604 pro
1901 2565 1997 2603 equo

183 2619 332 2658 hemius
370 2619 416 2659 ad
452 2620 494 2660 h.
522 2619 550 2660 l.
599 2622 777 2674 Appositi
799 2625 890 2661 sunt
917 2635 1047 2662 versus

186 2687 315 2728 Ovidii
341 2686 441 2727 laud.
470 2687 661 2737 Stanleio,
704 2690 804 2729 Met.
836 2691 909 2729 XV
926 2722 936 2738 ,
966 2692 1044 2730 41:

240 2755 333 2795 Mos
371 2761 458 2795 erat
494 2757 670 2810 antiquis
711 2758 834 2798 niveis
872 2759 1048 2812 atrisque

347 2823 520 2876 lapillis,

239 2891 316 2931 His
355 2891 542 2931 damnare
581 2905 691 2941 reos,
736 2893 821 2933 illis
849 2894 1048 2934 absolvere

348 2960 496 3012 cubpae.

242 3025 354 3066 Nunc
379 3039 526 3080 quoque
551 3028 610 3069 sic
649 3029 735 3068 lata
764 3034 823 3069 est
850 3031 1048 3070 sententia

350 3094 498 3143 tristis,
529 3100 569 3135 et
598 3097 721 3136 omnis

248 3158 422 3199 Calculus
465 3162 650 3203 immitem
695 3164 920 3204 demittitur
960 3170 1049 3206 ater

351 3226 394 3265 in
419 3241 571 3270 urnam.

243 3289 468 3335 732—735.
492 3299 648 3355 ἐπείπερ
669 3303 1047 3356 >gemamus-..Eupa-

190 3359 366 3410 ξάμεσθοι
385 3363 556 3416 ἁρπαγὴν
567 3395 579 3417 ,
606 3379 770 3417 poenam
785 3380 817 3406 s.
832 3368 1049 3407 vindictam

190 3425 383 3476 eaeeqimus
409 3430 543 3479 raptus
568 3444 636 3484 np.
666 3433 837 3473 Helenae
853 3452 864 3482 ;
909 3436 959 3475 ef.
990 3449 1048 3475 vs.

191 3493 284 3530 534.
313 3515 367 3522 —
393 3491 555 3550 Ἀργεῖον
588 3499 696 3547 δάκος
734 3505 892 3541 vocatur
932 3515 1050 3554 equus

188 3549 355 3614 ligneus,
386 3563 451 3612 qui
478 3563 583 3605 vivae
611 3558 756 3608 belluae
782 3569 902 3609 instar
926 3570 1050 3610 infor-

1122 2621 1285 2673 juvene3
1330 2624 1368 2660 et
1413 2621 1600 2661 Horatius
1629 2621 1762 2660 earm.
1792 2618 1886 2666 III,
1918 2620 1995 2667 20,

1137 2690 1302 2729 Getulae
1324 2690 1477 2728 catulos
1499 2690 1673 2728 leaenae.
1707 2689 1859 2728 Dictum
1876 2693 1995 2729 ἀσπι-

1128 2758 1283 2814 δηφόρος
1311 2759 1421 2811 λόχος
1451 2757 1563 2809 attigi
1593 2757 1634 2795 in
1666 2757 1885 2796 Comment.

1182 2826 1277 2867 736.
1307 2830 1484 2878 ὠμηστὴς
1528 2826 1631 2878 λέων,
1681 2825 1721 2864 h.
1751 2837 1785 2863 e.
1829 2828 1877 2871 ὡς
1917 2829 1991 2877 ὠμ.

1128 2897 1240 2944 λέων,
1273 2895 1316 2932 ut
1343 2906 1456 2945 saepe
1485 2892 1710 2944 Aeschylus.
1755 2892 1901 2944 Argiva
1930 2905 1996 2932 eo-

1128 2962 1220 3001 hors
1261 2973 1356 3012 equo
1394 2960 1544 3011 trojano
1579 2959 1726 2999 inclusa
1753 2962 1998 3012 comparatur

1128 3042 1216 3068 cum
1239 3028 1370 3075 leone,
1406 3028 1471 3080 qui
1497 3029 1619 3068 noctis
1647 3030 1821 3081 tempore
1847 3028 1996 3080 impetu

1129 3098 1228 3136 facto
1267 3095 1436 3135 transilit
1472 3098 1622 3149 septum
1647 3099 1685 3135 et
1712 3096 1752 3135 in
1776 3108 1912 3149 greges
1940 3096 1995 3135 ir·

1128 3177 1243 3204 ruens
1274 3162 1402 3202 omnia
1431 3163 1543 3203 caede
1571 3163 1722 3217 implet.
1766 3162 1869 3203 Illud
1898 3166 1997 3219 ἀμφὶ

1127 3233 1318 3273 Πλειάδων
1355 3232 1454 3271 δύσιν
1490 3231 1656 3271 multum
1687 3231 1882 3271 molestiae
1908 3231 2000 3270 feeit

1129 3300 1310 3346 eruditis,
1356 3298 1541 3351 siquidem
1570 3312 1590 3338 e
1614 3299 1808 3339 communi
1822 3299 1995 3339 omnium

1130 3367 1308 3421 opinione
1337 3366 1450 3418 Troja
1475 3380 1554 3406 non
1580 3367 1650 3407 sub
1665 3380 1839 3407 oceasum
1856 3365 1996 3419 Vergi-

1129 3435 1269 3475 liarum
1292 3435 1513 3482 oosmicum,
1530 3435 1571 3474 h.
1587 3448 1621 3475 e.
1637 3435 1737 3475 cirea
1750 3436 1994 3481 autumnum,

1133 3503 1196 3542 sed
1225 3501 1294 3541 sub
1316 3504 1444 3541 ortum
1468 3514 1598 3542 earum
1613 3535 1623 3550 ‚
1651 3503 1688 3542 h.
1702 3516 1735 3543 e.
1751 3515 1840 3543 vere
1856 3534 1866 3549 ‚
1885 3503 1997 3554 capta

1135 3569 1373 3610 credebatur.
1430 3570 1574 3610 stanlei
1616 3570 1661 3611 ad
1697 3571 1738 3612 h.
1768 3570 1796 3610 l.
1822 3569 1994 3610 Boeckh.
