2340 3958
314 228 415 276 106

752 610 869 662 ἀλλ’
906 604 1166 675 Ἰφιγένειά
1203 626 1267 659 νιν
1303 606 1557 667 ἀσπασίως

1042 228 1386 274 ΑΙΣΧΥΛΟΥ

2013 629 2115 667 1555

914 716 1126 784 θυγάτηρ
1162 718 1222 776 ὡς
1258 718 1355 784 χρὴ

755 826 922 894 πατέρ’
960 826 1269 889 οΞντιοέσ-οοσοι,
1309 826 1421 893 πρὸς
1461 826 1691 893 ὠκύπορον

319 948 458 998 1435

833 1049 936 1117 περὶ
975 1054 1111 1115 χεῖρε
1147 1048 1380 1112 βοιλοῦσοο
1415 1048 1630 1116 φιλήσει.

538 1173 644 1217 ΧΟ.

903 937 1165 1005 πόρθμευμ’
1201 937 1364 1003 οὶχέων
1377 977 1390 1000 ,

2015 1065 2121 1104 1559

758 1160 918 1219 ὄνειδος
957 1158 1055 1220 ἥκει
1093 1157 1189 1211 τόδ’
1225 1159 1332 1210 ἀντ’
1369 1157 1575 1216 ὀνείδους.
1970 1181 2051 1216 o’zvr.
2074 1175 2118 1216 ε’,

908 1268 1146 1333 δύςμοοχοο
1177 1266 1217 1318 δ’
1254 1265 1355 1319 ἔστι
1392 1271 1558 1332 κρῖνοιι.

756 1379 890 1448 φέρει
926 1378 1128 1447 φέροντ’,
1167 1376 1333 1430 ἐκτίνει
1365 1374 1404 1428 δ’
1441 1376 1463 1428 o‘
1500 1375 1682 1429 κοοίνων.

319 1498 461 1550 1440

684 1490 847 1555 μίμνει
883 1488 960 1551 δὲ,
998 1487 1251 1553 μίμνοντος
1288 1488 1335 1540 ἐν
1371 1485 1503 1554 θρόνῳ
1541 1487 1684 1548 Διὸς,

762 1599 928 1652 moen
964 1597 1044 1651 τὸν
1083 1596 1305 1664 ἔρξαντα.
1358 1597 1542 1662 θέσμιον
1579 1597 1676 1664 γάρ

690 1708 764 1769 τίς
802 1706 862 1761 ἂν
899 1707 1046 1770 γονοὶν
1083 1708 1246 1773 οὲροιῖον
1284 1705 1484 1770 ἐκβοὶλοι
1522 1706 1705 1772 δόμωνε,

2021 1726 2126 1766 1565

764 1816 1055 1879 κεκόλληται
1092 1815 1255 1879 γένους
1292 1815 1404 1882 πρὸς
1441 1813 1558 1883 ἄτᾳ.

546 1938 652 1984 ΚΑ.

328 2046 466 2098 1445

766 1929 813 1988 ἐς
849 1926 971 1981 τόνδ’
1007 1926 1174 1992 ἐνέβης
1211 1926 1295 1990 ξὺν
1332 1926 1532 1988 οὶληθείοι

1861 1947 2050 1988 ἀντισὺστ.
2072 1947 2126 1998 γ’.

838 2037 1071 2105 χρησμόν.
1109 2038 1205 2101 ἐγὼ
1237 2035 1276 2090 δ’
1314 2034 1391 2090 οὖν

327 2235 378 2273 V.
409 2231 528 2271 1482.
558 2228 786 2285 Ἰφιγένειαν·
826 2225 867 2269 ἵν’
903 2231 996 2268 ἀσπ.
1064 2226 1183 2266 1436.
1211 2232 1341 2282 χεῖρα.
1401 2227 1522 2266 1440.
1551 2231 1685 2282 χρόνῳ.
1746 2226 1867 2266 1442.
1895 2229 2001 2278 γονὰν
2019 2229 2128 2282 ρἅν.

382 2305 502 2344 1443.
530 2308 630 2355 γένος
655 2305 865 2358 προσάψαι.
924 2302 1043 2341 1444.
1072 2303 1197 2355 ἐνέβη.

329 2466 407 2507 cari
433 2464 554 2518 patris
579 2464 620 2503 in
647 2462 862 2516 amplexum
890 2461 1086 2502 veniens.’'
1136 2462 1185 2501 In

328 2533 538 2588 posteriore
571 2532 646 2571 hoc
671 2531 771 2571 dicto
799 2543 928 2570 amara
956 2532 1012 2569 est
1038 2529 1183 2577 ironia,

328 2614 427 2654 quae
454 2600 495 2639 in
522 2598 743 2639 memoriam
770 2600 922 2637 revocat
935 2597 1007 2636 hoc
1022 2596 1188 2636 Neronis

329 2670 491 2714 dietum,
516 2666 584 2719 qui
605 2679 736 2718 quum,
759 2665 959 2705 interfecta
973 2664 1188 2718 Agrippina

329 2739 475 2786 matre,
514 2733 691 2774 dilectum
729 2733 763 2772 ei
786 2732 964 2784 juvenem
994 2732 1188 2772 Plautium

330 2803 547 2850 occidisset,
603 2800 740 2853 adjecit
779 2801 851 2840 hoc
892 2800 1059 2840 dictum:
1105 2801 1189 2840 Eat

330 2884 457 2918 nune,
494 2874 619 2909 mater
647 2882 734 2908 mea
768 2872 807 2908 et
832 2880 1085 2908 successorem
1108 2881 1186 2907 me-

332 2953 396 2979 um
423 2938 644 2978 osculetur!
670 2937 777 2976 Suet.
806 2937 903 2975 Ner.
935 2949 967 2975 c.
998 2936 1065 2975 35.

387 3004 603 3062 πόρθμευμ’
633 3008 780 3059 ἀχέων,
804 3004 959 3057 fretum
987 3016 1018 3044 S.
1039 3004 1190 3057 flumen

333 3073 528 3119 dolorum,
560 3075 617 3111 est
647 3071 837 3124 genitivus
861 3070 1064 3123 qualitatis.
1109 3071 1188 3110 Lu·

334 3140 390 3180 dit
416 3139 463 3178 ad
503 3152 642 3178 nomen
670 3137 897 3195 Ἀχέροντα,
941 3139 1037 3178 siout
1066 3137 1189 3177 Mela-

334 3206 508 3259 iiippides
547 3207 647 3259 apud
674 3207 945 3259 Apollodorum
973 3206 1068 3246 dixit
1094 3211 1192 3261 ἀχέ-

339 3291 418 3315 εσσι
446 3279 613 3330 προρέων
639 3272 812 3330 Ἀχέρων.
851 3273 1097 3313 Vid.Blomf.

394 3341 498 3383 1437
515 3353 597 3392 sqq.
622 3341 752 3387 ὄνειδος
766 3341 867 3393 τάδε,
886 3353 951 3393 np.
969 3340 1068 3392 quod
1081 3339 1192 3379 modo

336 3409 378 3448 in
407 3409 730 3459 Agamemnonem
756 3408 850 3446 dixit
864 3407 1190 3459 Clytaemnestra3

255 3476 261 3482 '
339 3475 418 3518 ἀντ’
450 3475 626 3526 ὀνείδους,
657 3474 755 3526 quod
784 3473 909 3526 paullo
927 3477 1015 3514 ante
1039 3473 1191 3526 Clytae-

338 3545 530 3582 mnestrae
553 3541 739 3592 objecerat
764 3542 914 3580 Chorus
939 3541 1083 3581 verbis:
1102 3543 1160 3587 τίς
1175 3543 1194 3582 ὁ

343 3615 464 3664 θάψων
488 3627 538 3652 νιν
561 3611 637 3651 κτὲ.
656 3632 706 3640 -
723 3610 899 3662 δὺςμαχα
915 3606 944 3649 δ’
959 3613 1037 3650 ἔστι
1057 3613 1195 3658 (ταῦτα

1268 2465 1319 2503 τὰ
1348 2462 1479 2509 ὀνείδη)
1509 2466 1652 2517 κρῖναι,
1682 2473 1751 2513 np.
1777 2460 1901 2500 utrius
1929 2459 2131 2501 amborum

1267 2530 1420 2583 gravior
1443 2529 1492 2569 sit
1506 2529 1630 2581 culpa.
1672 2528 1747 2567 Sed
1768 2528 1924 2581 (pergit)
1949 2527 2131 2581 quidquid

1268 2598 1343 2643 est,
1375 2594 1468 2635 illud
1487 2598 1652 2635 eertum:
1685 2600 1791 2652 φέρει
1817 2594 1978 2651 φέροντ’,
2000 2598 2133 2638 ἐκτίνει

1268 2666 1346 2706 xva.
1362 2668 1554 2716 raptorem
1575 2662 1683 2715 rapit
1696 2664 1819 2710 alter,
1850 2664 1997 2703 occisor
2012 2665 2130 2703 solvit

1267 2731 1475 2771 mercedem
1500 2730 1632 2770 occisi.
1662 2731 1873 2769 Aeternum
1890 2729 2032 2782 quippe
2045 2743 2129 2769 ma-

1268 2802 1334 2838 net
1373 2799 1525 2837 effatum
1557 2796 1674 2836 illud:
1705 2801 1837 2838 παθεῖν
1862 2800 1926 2838 τὸν
1951 2799 2128 2853 ἔρξαντα.

1269 2865 1442 2918 ΟΙιοόΡΙι.
1471 2865 1575 2904 313:
1607 2865 1790 2921 δράσαντι
1813 2868 1969 2917 παθεῖν,
1998 2872 2132 2921 τριγέ-

1268 2950 1342 2990 ρων
1354 2936 1470 2986 μῦθος
1486 2933 1578 2974 τάδε
1591 2938 1712 2988 φωνεῖ.
1730 2955 1782 2962 -
1797 2935 1947 2985 θεσμίσν
1959 2938 2035 2989 γὰρ
2049 2936 2128 2975 κτὲ.

1270 3001 1428 3040 Nefaria
1456 3000 1586 3039 caedes
1615 3000 1726 3039 Atrei
1753 2999 1958 3039 vindictam
1987 3013 2127 3053 provo-

1270 3067 1370 3107 cavit
1384 3067 1510 3107 domui
1528 3067 1608 3118 ejus
1623 3066 1825 3106 exitialem.
1842 3068 1892 3107 cf.
1911 3067 2130 3109 Comment.

1327 3136 1446 3174 1445.
1476 3139 1548 3188 ἐγὼ
1576 3132 1607 3175 δ’
1635 3135 1693 3176 οὖν
1719 3138 1831 3176 ἐθέλω
1859 3136 1939 3177 κτὲ.
1986 3132 2129 3187 ‘'Equi-

1271 3202 1357 3241 dem
1394 3205 1524 3254 parata
1558 3215 1642 3241 sum
1680 3202 2003 3242 Plisthenidarum
2042 3203 2129 3242 dae-

1271 3282 1422 3309 monem
1460 3268 1680 3317 obsecrare,
1711 3272 1754 3308 ut
1781 3283 1877 3321 quae
1905 3273 1989 3309 acta
2017 3272 2128 3318 sunt,

1272 3337 1443 3389 quamvis
1466 3337 1619 3388 gravia,
1649 3349 1767 3388 aequo
1795 3337 1922 3376 animo
1945 3338 2068 3384 ferat3
2100 3337 2133 3376 si

1272 3405 1363 3457 quid
1389 3404 1578 3456 reliquum
1601 3406 1657 3443 est
1682 3403 1895 3453 malorum,
1911 3404 2043 3444 relicta
2057 3405 2132 3444 hae

1273 3472 1407 3520 domo,
1436 3471 1549 3510 aliam
1580 3471 1761 3511 familiam
1790 3471 2004 3524 parricidiis
2032 3474 2130 3511 atte-

1274 3539 1373 3580 rat.'’
1410 3540 1669 3581 Πλεισθενιδῶν
1689 3541 1848 3593 δαίμονα
1864 3539 2024 3579 eundem
2040 3539 2131 3579 dicit

1275 3620 1387 3660 quem
1411 3607 1522 3647 modo
1549 3610 1744 3656 ἀλάστορα
1774 3608 1958 3663 Ἀτρέως,
1988 3605 2130 3646 malum
