2340 3990
949 894 1381 943 MONENDA.

318 1348 505 1390 Fabulam
554 1347 726 1402 relegens
767 1346 1018 1388 animadverti
1060 1347 1153 1387 haee
1194 1346 1287 1387 vitia
1334 1358 1430 1398 quae
1477 1344 1619 1386 morari
1670 1345 1831 1385 fortasse
1871 1344 2061 1399 legentem

262 1426 441 1480 possint:

426 1542 496 1583 Vs.
527 1542 620 1582 116.
679 1545 796 1588 κεὸνὸς
826 1553 1029 1594 perperam
1059 1539 1244 1593 scriptum
1272 1551 1343 1593 pro
1374 1539 1505 1586 κεδνός.

429 1618 498 1659 Vs.
529 1618 623 1659 252.
679 1618 848 1658 deleatur
875 1615 1027 1670 virgula
1050 1618 1135 1670 post
1163 1619 1344 1658 ἐνώτισεν.

323 1735 526 1776 Praeterea
554 1735 779 1789 corrigenda
806 1735 899 1775 haee
927 1736 1039 1775 sunt:

433 1853 501 1893 Vs.
565 1853 657 1893 131.
715 1853 793 1893 Pro
824 1855 1023 1901 ἐπαλπνοῖς
1051 1850 1165 1893 scrib.
1197 1855 1404 1898 ἐπάλπνοις.

425 1929 495 1969 Vs.
555 1930 647 1968 324.

427 2009 497 2050 Vs.
530 2008 651 2048 1066.

693 1931 724 2061 }
772 1967 849 2007 Pro
878 1969 997 2024 ὑπὲρ,
1030 1970 1118 2023 φεῦ,
1148 1964 1261 2006 scrib.
1291 1967 1463 2021 ὑπέρφευ.

428 2086 494 2126 Vs.
524 2086 645 2125 1194.
702 2085 778 2125 Pro
807 2086 893 2132 ἦδος
925 2083 1039 2127 scrib.
1071 2086 1173 2133 ἦδος.

261 2202 478 2243 Comment.
518 2216 558 2256 p.
590 2203 689 2250 134,
728 2202 775 2242 ad
813 2215 870 2243 vs.
904 2203 1007 2250 102,
1048 2202 1228 2249 addatur,
1260 2199 1559 2240 emendationem
1588 2199 1682 2240 ὅδιον
1709 2204 1824 2256 τέρας
1847 2197 1928 2250 jam
1956 2210 2066 2238 occu·

558 2281 686 2332 patam
715 2292 794 2318 esse
821 2292 842 2318 a
866 2278 1078 2318 Francken.
1110 2278 1225 2318 Misc.
1255 2276 1357 2316 Phil.
1388 2275 1545 2328 (Ultraj.
1577 2277 1697 2324 1854)
1727 2289 1766 2328 p.
1794 2275 1860 2314 82.

261 2354 363 2395 Ibid.
394 2369 432 2408 p.
466 2356 543 2397 158
572 2355 843 2396 emendationis
869 2365 1061 2396 auctorem
1094 2355 1170 2394 dixi
1198 2354 1432 2408 Bergkium,
1460 2353 1528 2406 qui
1556 2355 1612 2393 est
1640 2351 1936 2405 Bambergerus.

261 2429 359 2471 Ibid.
399 2445 439 2484 p.
480 2431 583 2480 213,
628 2432 674 2470 ad
711 2445 768 2471 vs.
808 2431 900 2478 679,
936 2431 1083 2471 incuria
1110 2431 1294 2484 scriptum
1323 2432 1379 2470 est
1406 2434 1632 2487 νεαροφάους
1660 2435 1768 2471 τόκου
1795 2441 1865 2482 pro
1894 2441 1937 2468 eo
1966 2427 2067 2480 quod

564 2509 665 2546 reete
690 2506 730 2546 in
756 2507 864 2546 textu
891 2505 1075 2559 seriptum
1102 2510 1320 2562 νεαροφυοῦς
1347 2511 1468 2548 τόκου.

313 2623 451 2664 Errata
477 2623 629 2665 levioris
657 2625 841 2665 momenti
868 2624 901 2665 si
927 2637 1022 2678 quae
1049 2625 1301 2665 remanserint
1316 2655 1326 2672 ,
1358 2636 1497 2676 aequus
1526 2623 1694 2675 corrigat
1723 2622 1874 2661 Lector.
