2340 3958
935 179 1409 227 ΑΓΑΜΕΜΝΩΝ.
2014 175 2082 224 45

599 339 713 406 ὑπὲρ
752 337 1002 401 θαλάσσης
1041 340 1122 392 καὶ
1161 339 1332 405 χθονὸς
1372 337 1663 403 ποτώμενοι,

595 450 771 516 Τροίαν
808 449 997 509 ἑλόντες
1036 449 1200 512 δήποτ’
1241 448 1471 514 Ἀργείων
1509 448 1682 509 στόλος

596 560 712 620 θεοῖς
750 561 957 628 λάφυρα
994 564 1162 613 ταῦτα
1199 566 1298 619 τοῖς
1336 562 1443 613 καθ’
1481 560 1710 615 Ἑλλάδα

596 667 750 731 δόμοις
789 667 1171 722 ἐπασσάλευσαν
1209 671 1418 736 άρχαῖον
1457 670 1623 734 γάνος.

263 783 366 833 520

593 782 800 831 τοιαῦτα
835 779 933 844 χρὴ
971 778 1216 838 κλύοντας
1255 782 1474 844 εὐλογεῖν
1513 780 1653 834 πόλιν

2009 797 2088 835 580

594 887 676 940 καὶ
713 888 822 946 τοὺς
861 889 1194 953 στρατηγούς,
1236 889 1319 942 καὶ
1358 888 1506 957 χάρις
1547 891 1813 955 τιμήσεται

594 996 680 1050 Διὸ
798 995 852 1048 'B'
903 997 916 1014 9
1033 995 1042 1015 Ι
1303 997 1313 1015 Ι
1376 998 1388 1018 ¹)
1434 998 1454 1018 ’l
1655 999 1663 1018 Ι

683 1017 706 1056 ς
743 1017 810 1050 τα
892 996 1199 1064 εκπραξασα.
1241 1019 1376 1052 παντ
1430 1019 1564 1065 εχεις
1603 1012 1766 1063 λογον.

447 1116 551 1161 ΧΟ.
591 1105 840 1170 νικώμενος
877 1106 1088 1170 λόγοισιν
1128 1109 1211 1160 οὐκ
1250 1107 1509 1174 άναίνομαι
1533 1126 1544 1136 ·

594 1216 673 1271 άεὶ
710 1217 808 1284 γαρ
846 1218 951 1288 ἡβᾷ
989 1225 1087 1279 τοῖς
1127 1219 1341 1287 γέρουσιν
1379 1217 1433 1272 εὖ
1471 1222 1660 1285 μαθεῖν.

264 1333 367 1383 525

594 1327 750 1394 δόμοις
790 1328 839 1382 δὲ
877 1335 1045 1382 ταῦτα
1083 1329 1165 1382 καὶ
1204 1331 1619 1398 Κλυταιμνήστρα
1659 1329 1824 1394 μέλειν

2013 1349 2089 1387 585

595 1440 716 1500 εἰκὸς
753 1440 1007 1505 μάλιστα,
1047 1438 1132 1503 ξὺν
1171 1440 1219 1493 δὲ
1258 1440 1532 1507 πλουτίζειν
1571 1440 1678 1505 ε’μέ.

446 1558 552 1604 ΚΛ.
596 1550 884 1614 άνωλόλυξα
921 1553 1010 1615 μὲν
1049 1552 1212 1605 πάλαι
1251 1554 1422 1618 χαράς
1466 1549 1585 1613 ὕπο,

601 1658 735 1679 etv?

595 1681 651 1714 οτ
706 1661 807 1723 ηλθ’
845 1662 866 1713 0‘
905 1666 1086 1728 πρῶτος
1126 1662 1289 1728 νύχιος
1329 1660 1558 1725 άγγελος
1598 1661 1775 1728 πυρὸς,

592 1770 789 1838 φράζων
826 1770 1005 1825 ἅλωσιν
1042 1771 1182 1826 Ἰλίου
1221 1772 1266 1825 τ’
1305 1772 1595 1826 ἀνάστασιν.

267 1883 371 1934 530

263 2071 314 2111 V.
345 2071 438 2111 516.
467 2077 715 2125 ποτωμένοις.

264 2239 297 2266 s.
335 2239 463 2266 coram
501 2227 577 2267 Ιιαο
614 2227 709 2266 solis
749 2228 836 2267 luce
864 2227 1021 2280 gloriari
1049 2228 1137 2267 licet

264 2294 420 2334 haecce:
448 2297 544 2351 ὑπὲρ
569 2297 760 2342 θαλάσσης
780 2298 861 2337 κτὲ.
895 2295 1022 2336 Verba
1039 2300 1136 2353 ὑπὲρ

266 2364 453 2410 θαλάσσης
494 2366 557 2405 καὶ
586 2367 715 2417 χθονὸς
739 2371 951 2418 ποτώμενοι
979 2364 1062 2412 vel,
1094 2368 1136 2405 ut

265 2429 406 2482 vulgo,
422 2437 653 2484 ποτωμένοις
678 2421 777 2472 male
804 2433 978 2486 nonnulli
989 2433 1136 2486 tropice

266 2497 312 2537 de
330 2499 433 2538 fama
457 2502 495 2537 et
513 2499 635 2551 gloria
652 2500 725 2539 dici
737 2504 945 2554 putarunt,
963 2500 1062 2540 sicut
1076 2514 1136 2541 ex.

267 2578 330 2619 gr.
355 2566 451 2606 dixit
477 2567 647 2608 Ennius:
689 2569 807 2609 volito
837 2569 938 2609 νέομ’
959 2583 1036 2621 per
1065 2583 1136 2609 ora

267 2634 407 2674 viram.
437 2635 602 2688 Proprie
623 2635 722 2676 dicta
747 2639 837 2677 sunt
865 2637 1135 2678 convenienter

267 2701 392 2742 facto:
439 2702 629 2755 »longum
669 2705 836 2757 spatium
873 2707 983 2745 trans
1011 2709 1134 2746 terras

269 2772 308 2809 et
334 2770 456 2810 maria
483 2771 668 2811 emensi.''

324 2839 418 2878 519.
446 2843 608 2894 ἀρχαῖον
635 2844 767 2894 γάνος,
792 2840 833 2879 h.
850 2853 884 2880 e.
900 2839 1134 2893 templorum

270 2910 537 2945 ornamentum
566 2907 722 2959 antiquo
752 2921 797 2947 ex
825 2920 956 2947 more:
988 2908 1034 2947 de
1061 2921 1136 2960 quo

272 2971 383 3024 plura
410 2973 602 3013 Stanleius
630 2975 677 3014 ad
704 2976 746 3015 h.
763 2975 791 3015 1.

329 3041 421 3081 520.
450 3046 611 3084 τοιαῦτα
626 3049 703 3100 χρὴ
723 3045 896 3090 κλύοντας
909 3075 924 3093 ,
953 3057 1031 3083 non
1046 3057 1136 3098 sup-

275 3105 476 3158 plendum,
507 3114 549 3150 ut
571 3111 686 3164 vulgo
711 3112 876 3159 faciunt,
908 3114 1036 3165 ὑμᾶς,
1067 3126 1136 3166 np.

277 3175 360 3220 τοὺς
383 3179 567 3224 πολίταςε
599 3178 653 3218 sic
681 3179 783 3218 enim
794 3179 900 3230 justa
916 3183 1014 3219 esset
1031 3180 1135 3219 Her-

278 3242 408 3281 manni
428 3245 704 3287 animadversio
720 3261 791 3300 pro
805 3250 914 3289 πόλιν
928 3248 1001 3287 dici
1017 3261 1134 3301 opor-

276 3307 391 3347 tuisse
412 3319 594 3368 στρατόν;
617 3315 682 3354 sed
697 3315 904 3368 significat:
929 3334 947 3350 n
961 3317 1134 3368 quicum-

278 3387 351 3426 que
369 3376 461 3418 haec
482 3382 649 3430 audiant,
666 3383 806 3435 populo
823 3386 860 3422 et
875 3383 1032 3423 ducibus
1047 3397 1135 3436 gra·

277 3441 393 3482 tulari
426 3445 531 3487 decet
556 3454 750 3502 reportata
778 3451 979 3491 victoria.’'
1032 3452 1137 3491 Her-

281 3522 442 3551 mannus
465 3514 668 3558 verborum
693 3518 1016 3559 constructionem
1042 3519 1140 3559 mire

281 3579 481 3630 pervertit.

598 1882 684 1934 καί
719 1882 794 1943 τίς
834 1881 889 1946 μ’
928 1883 1129 1936 ἐνίπτων
1168 1879 1302 1946 εἷπε,
1345 1887 1630 1951 φρυκτωρῶν
1670 1883 1748 1936 δια

2013 1901 2092 1940 590

1272 2229 1365 2268 523.
1397 2230 1736 2280 νικώμενος-οὐκ
1749 2233 1968 2280 ἀναίνομαι.
2001 2226 2090 2266 Hoc

1216 2310 1294 2336 non
1324 2297 1574 2343 vertendum,
1621 2300 1664 2335 ut
1705 2296 1877 2349 plerique
1914 2295 2086 2342 faciunt,

1216 2377 1295 2404 non
1322 2364 1502 2418 infitior,
1532 2363 1597 2402 sed
1624 2376 1702 2402 non
1732 2365 1866 2404 taedet
1881 2377 1963 2411 me,
1993 2363 2036 2403 h.
2055 2375 2088 2404 e.

1212 2433 1367 2485 qaudeo
1390 2445 1451 2471 me
1476 2431 1618 2470 victum
1644 2444 1727 2470 esse
1741 2449 1752 2470 .·
1782 2443 1858 2483 quo
1880 2443 1992 2470 sensu
2009 2443 2090 2470 non

1216 2499 1335 2540 semel
1377 2500 1450 2539 hoc
1489 2497 1650 2538 verbum
1680 2502 1842 2549 usurpat
1869 2498 2088 2550 Euripides.
2145 2520 2147 2523 ⁴

1217 2568 1324 2608 Huic
1352 2567 1515 2620 quadrat
1543 2580 1702 2619 sequens
1731 2570 1794 2608 ἀεὶ
1823 2571 1903 2623 γὰρ
1930 2570 2015 2621 ἡβᾷ
2034 2588 2090 2595 —

1215 2649 1364 2688 semper
1378 2636 1483 2688 νέμει
1499 2635 1655 2675 senibus
1672 2649 1781 2675 amor
1796 2636 1897 2675 bona
1912 2635 2088 2687 (fausta)

1217 2700 1421 2744 audiendi.
1480 2703 1621 2743 Pulcre
1648 2703 1792 2742 dictum
1822 2707 1906 2758 ἡβᾷ
1934 2702 1980 2742 de
2007 2706 2089 2742 stu-

1218 2772 1279 2812 dio
1307 2772 1406 2824 quod
1435 2785 1512 2811 non
1541 2771 1729 2818 senescit,
1762 2771 1826 2811 sed
1842 2771 2006 2822 juvenis
2026 2771 2089 2810 in-

1217 2845 1303 2880 star
1339 2840 1456 2891 viget.
1498 2839 1539 2880 εὖ
1570 2843 1708 2892 μαθεῖν
1737 2838 1914 2878 similiter
1942 2839 2090 2878 dictum

1221 2911 1264 2947 ut
1288 2908 1328 2948 εὖ
1342 2911 1458 2961 λέγειν
1473 2912 1543 2958 (vs.
1562 2908 1708 2955 1187),
1741 2907 1781 2948 εὖ
1797 2911 1983 2960 πάσχειν,
2001 2906 2090 2947 alia.

1219 2974 1462 3015 Aberrarunt
1490 2989 1512 3014 a
1541 2988 1653 3015 sensu
1680 2974 1807 3026 intpp.

1275 3045 1367 3083 530.
1400 3051 1626 3100 φρυκτωρῶν
1649 3044 1724 3084 διὰ.
1754 3044 1816 3083 διὰ
1841 3046 1878 3080 et
1905 3043 1983 3083 διαὶ
2007 3054 2087 3082 sae·

1218 3111 1304 3164 pius
1331 3112 1432 3164 apud
1453 3111 1685 3164 Aeschylum
1713 3110 1815 3150 casui
1840 3124 1907 3150 suo
1933 3113 2089 3163 postpo-

1217 3182 1386 3227 nuntur,
1431 3182 1475 3218 ut
1503 3181 1642 3232 Agam.
1677 3180 1797 3219 1453.
1827 3177 1965 3231 Suppl.
1995 3179 2091 3217 254.

1220 3251 1350 3287 utrum
1390 3260 1480 3287 vero
1522 3248 1575 3287 sic
1617 3249 1679 3289 διὰ
1718 3261 1767 3286 an
1811 3247 1873 3288 δία
1913 3246 1963 3286 sit
1994 3246 2089 3285 scri-

1218 3314 1411 3364 bendum,
1442 3314 1666 3368 ambigitur.
1710 3315 1868 3355 Veteres
1896 3327 2090 3365 gramma-

1217 3382 1284 3422 tici
1322 3383 1361 3422 in
1402 3384 1472 3422 hac
1512 3383 1794 3436 praepositione
1833 3382 2114 3434 anastrophen·

1219 3464 1298 3491 non
1325 3451 1556 3499 admittunt3
1587 3452 1836 3491 Hermannus
1868 3451 1967 3489 hanc
1988 3452 2092 3488 arcet

1220 3522 1371 3559 tantum
1388 3550 1398 3564 ‚
1430 3520 1638 3559 secundum
1667 3521 1863 3571 receptam
1892 3516 2089 3570 regulam,

1223 3600 1244 3626 a
1296 3585 1415 3626 trium
1464 3599 1659 3627 morarum
1723 3582 2089 3639 praepositionibus,
