2340 3990
939 171 1310 220 PRAEFATIO.
1939 181 2042 215 xnI

227 333 313 364 nec
345 315 592 364 reformido
620 315 859 364 doctorum
883 314 1288 378 reprehensionem
1300 291 1324 370 ;s
1341 312 1482 359 immo
1511 311 1628 358 nihil
1654 310 1768 357 mihi
1800 309 1887 357 erit
1917 325 2044 356 acce-

226 415 352 479 ptius
393 431 554 478 quam,
595 414 634 461 si
669 413 934 469 erraverim,
970 416 1157 476 peccata
1190 427 1293 458 mea
1327 409 1518 472 corrigi,
1556 412 1602 455 et
1637 407 1902 455 censoribus
1939 422 2040 469 gra-

227 513 340 560 tiam
371 512 569 569 habebo,
605 511 644 558 si
676 527 779 558 mea
815 526 954 573 opera
988 508 1254 571 castiganda
1282 508 1420 554 simul
1443 506 1503 553 ad
1519 505 1850 570 pulcerrimum
1879 520 2038 551 musae

227 610 426 672 tragicae
460 625 578 672 opus
613 607 933 670 castigandum
968 610 1013 653 et
1046 605 1307 653 limandum
1341 603 1517 668 aliquid
1553 602 1842 650 contulerint.

297 707 415 754 Sunt
438 705 665 770 quaedam
690 705 740 752 in
768 704 936 769 quibus
967 702 1161 750 dubium
1188 719 1262 749 me
1286 701 1490 748 haesisse
1513 701 1634 748 ultro
1657 700 1821 757 fateor,
1839 714 2044 763 praeser-

231 803 315 850 tim
342 803 391 849 in
413 802 744 850 nonnullorum
770 801 1094 849 vocabulorum
1112 799 1461 863 orthographia,
1488 799 1627 856 sitne,
1653 797 1852 862 exempli
1876 796 2047 860 gratia,

233 900 282 947 in
314 899 542 964 Aeschylo
595 898 890 946 scribendum
941 900 1081 958 Σαῖω,
1118 902 1299 954 κλαίω,
1335 913 1393 944 an
1428 898 1546 954 Σάω,
1582 901 1743 953 κλείω
1790 898 2053 959 praestetne

235 999 512 1057 Καισάνὲρειν
563 1012 622 1043 an
673 998 980 1058 Κασσάνδραν
1014 995 1172 1052 scribi,
1225 999 1271 1042 et
1322 1011 1440 1059 quae
1493 998 1603 1042 sunt
1653 994 1725 1040 his
1773 993 1954 1050 affinia,
1990 991 2047 1039 de

235 1093 403 1157 quibus
436 1081 878 1140 interdoctissimos
913 1092 1234 1155 grammaticos
1270 1092 1423 1140 adhuc
1459 1092 1708 1156 disceptari
1741 1091 1889 1139 video.
1948 1090 2048 1136 Has

239 1190 554 1255 quaestioneS,
589 1190 918 1238 nonnullorum
945 1189 1121 1251 judicio
1155 1190 1346 1237 maximi
1379 1206 1464 1238 nec
1498 1206 1602 1237 meo
1635 1188 1770 1236 nihili
1792 1186 2048 1252 putandas,

237 1287 277 1335 si
312 1287 387 1334 cui
422 1286 482 1334 ad
514 1287 745 1357 liquidum
778 1286 1032 1353 perducere
1069 1287 1335 1350 contigerit,
1383 1287 1583 1336 inventis
1617 1290 1775 1349 gratus
1815 1289 1931 1333 utar.

302 1385 501 1432 Textum
536 1384 832 1432 emendatum
867 1384 977 1431 dedi
1011 1385 1077 1432 sic
1110 1389 1164 1432 ut
1199 1385 1382 1443 censui;
1419 1385 1707 1447 conjecturas
1731 1384 1804 1432 vel
1826 1399 1953 1431 meas
1977 1381 2049 1430 vel

238 1482 431 1529 aliorum
464 1482 615 1529 nullas
649 1482 807 1545 recepi
842 1481 932 1528 nisi
966 1499 1080 1546 quas
1115 1487 1195 1530 aut
1230 1487 1377 1530 certas
1412 1487 1493 1530 aut
1515 1481 1797 1530 necessarias
1821 1480 2050 1528 ducerem.

240 1579 410 1627 Textui
462 1579 636 1641 subjeci
677 1579 888 1626 lectionis
928 1579 1190 1638 varietates,
1240 1588 1305 1628 ex‘
1341 1579 1690 1627 Hermanniana
1723 1578 1921 1626 maxime
1957 1576 2052 1624 edi-

241 1677 367 1724 tione
408 1675 683 1740 descriptas,
719 1693 773 1723 eo
809 1676 1023 1733 consilio,
1058 1693 1152 1724 non
1186 1681 1239 1724 ut
1273 1678 1561 1740 singulorum
1596 1676 1808 1724 codicum
1843 1678 2053 1722 accurata

243 1773 353 1820 inde
385 1773 538 1836 colligi
564 1774 709 1837 possit
731 1773 913 1831 notitia,
938 1790 1055 1838 quae
1079 1774 1288 1832 aliunde,
1315 1791 1338 1821 e
1361 1774 1564 1832 Franzii,
1588 1774 1869 1831 Hermanni,
1898 1773 2054 1820 Blom-

245 1869 389 1917 fieldii
435 1869 715 1918 editionibus
759 1870 961 1934 petenda
1006 1875 1098 1929 est,
1150 1870 1233 1918 sed
1277 1876 1330 1919 ut
1372 1872 1487 1936 quid
1520 1889 1627 1920 mss.
1661 1873 1885 1919 librorum
1918 1870 2055 1918 lectio

245 1969 302 2016 ab
338 1968 537 2016 editione
573 1968 800 2033 discrepet
831 1968 1092 2032 legentibus
1127 1973 1358 2033 appareat.
1409 1969 1573 2033 Itaque
1600 1970 1650 2017 in
1675 1969 1949 2016 lectionibus
1977 1985 2059 2016 no-

240 2064 396 2112 tandis
431 2082 526 2113 non
559 2065 610 2113 id
645 2067 718 2128 egi
751 2070 804 2114 ut
836 2066 1071 2114 literarum
1107 2066 1275 2114 ductus
1311 2071 1356 2114 et
1391 2066 1543 2130 apices
1574 2070 1620 2114 et
1643 2070 1818 2130 puncta
1845 2070 2056 2113 accurate

243 2163 548 2227 exprimerem
599 2180 751 2228 neque
802 2167 856 2211 ut
906 2164 1135 2228 quaslibet
1185 2163 1345 2211 sordes
1398 2168 1443 2211 et
1490 2164 1784 2228 quisquilias,
1833 2180 1952 2228 quae
1998 2163 2058 2210 ad

242 2260 488 2308 lectionem
528 2259 872 2322 dijudicandam
914 2260 1089 2308 nullius
1139 2265 1248 2308 sunt
1298 2262 1544 2318 momenti,
1583 2261 1912 2318 describerem3
1948 2260 2058 2308 satis

244 2357 388 2404 habui
439 2356 650 2404 codicum
701 2357 839 2405 verba
883 2357 1065 2406 referre.
1133 2358 1296 2423 Neque
1330 2359 1573 2406 varietates
1619 2358 1835 2407 annotavi
1878 2375 2059 2416 omnes,

247 2453 332 2501 sed
366 2454 415 2501 in
448 2453 504 2501 iis
540 2454 840 2518 excerpendis
874 2454 999 2502 hunc
1033 2455 1128 2503 fere
1163 2455 1355 2503 modum
1389 2457 1544 2504 tenui:
1579 2457 1661 2504 ubi
1690 2456 1932 2505 Mediceus
1965 2456 2058 2513 vel,

246 2551 334 2598 hoc
367 2550 626 2609 deficiente,
661 2551 955 2599 Florentinus
991 2552 1215 2600 sinceram
1249 2553 1495 2600 lectionem
1529 2554 1773 2617 praebent,
1803 2571 1898 2601 non
1923 2553 2060 2601 retuli

250 2648 579 2712 discrepantias
619 2649 908 2706 Famesiani3
953 2653 1112 2696 contra
1156 2650 1238 2697 ubi
1290 2650 1364 2697 hic
1409 2666 1562 2698 veram
1613 2651 1859 2698 lectionem
1905 2651 2060 2708 offert,

247 2745 432 2793 illorum
484 2745 815 2809 discrepantias
867 2746 1051 2804 addidi3
1109 2747 1190 2794 ubi
1245 2748 1541 2795 Florentinus
1592 2748 1756 2796 eodem
1806 2749 1918 2796 vitio
1969 2764 2060 2812 quo

250 2843 488 2890 Mediceus
537 2843 736 2900 laborat,
789 2847 869 2890 aut
910 2844 1220 2891 Farnesianus
1267 2844 1430 2892 eodem
1464 2862 1556 2910 quo
1590 2845 1911 2903 FlorentinuS,
1947 2845 2063 2893 anti-

253 2941 436 3005 quiores
471 2941 634 2988 citasse
670 2941 780 2988 satis
815 2941 950 2999 duxi3
987 2941 1069 2989 ubi
1105 2959 1209 2990 vero
1245 2942 1451 2990 omnium
1475 2943 1698 2991 librorum
1724 2943 1888 2991 vitiosa
1918 2960 2062 3008 eaque

256 3037 521 3101 discrepans
565 3038 701 3085 lectio
743 3042 835 3095 est,
871 3054 1030 3086 omnes
1067 3039 1212 3087 citavi.
1284 3039 1332 3086 Si
1367 3039 1494 3087 nulla
1530 3039 1702 3087 codicis
1731 3045 1841 3087 nota
1871 3045 1941 3088 est
1977 3040 2060 3088 ad-

257 3133 379 3192 dita,
416 3135 670 3183 communis
703 3135 926 3183 librorum
953 3136 1089 3183 lectio
1118 3136 1332 3184 habenda
1363 3141 1444 3184 est.
1489 3137 1668 3199 Quodsi
1685 3137 1735 3185 in
1753 3138 1825 3184 his
1844 3138 2064 3186 notandis

255 3246 379 3278 error
412 3231 604 3293 alicujus
643 3233 864 3280 momenti
898 3233 1160 3297 irrepserit,
1203 3234 1253 3280 id
1286 3234 1336 3281 in
1372 3234 1711 3283 Commentario
1746 3236 2015 3298 corrigetur.

323 3326 536 3376 Ceterum
586 3346 803 3377 versuum
852 3331 1034 3378 numeri
1085 3330 1134 3377 in
1184 3330 1400 3379 interiore
1449 3332 1655 3395 margine
1703 3333 1921 3397 adscripti
1958 3337 2067 3381 sunt

259 3422 473 3471 editionis
494 3425 840 3485 Dindorfianae,
866 3444 983 3492 quae
1007 3428 1313 3492 plurimorum
1335 3430 1548 3477 manibus
1572 3431 1755 3489 teritur,
1780 3432 2066 3496 eandemque

258 3519 309 3567 in
343 3519 537 3569 citandis
571 3527 824 3572 ceterarum
858 3525 1076 3589 Aeschyli
1109 3526 1447 3589 tragoediarum
1480 3528 1689 3575 versibus
1725 3545 1827 3576 sum
1865 3533 2067 3578 secutus,

1060 3623 1266 3640 ψ
