2306 3944
792 178 863 226 IN
895 174 1412 225 AGAMEMNONEM.
1913 177 2005 222 283

292 299 307 319 Κ

202 333 303 391 θόρῳ
349 331 500 391 ταύρῳ
549 329 714 389 δέμας.
783 328 1025 376 Praeterea
1074 344 1182 375 vero
1235 327 1284 376 in
1335 330 1421 376 hoc
1471 327 1615 375 verbo*
1661 342 1841 390 semper
1888 325 2009 373 inest

199 412 326 459 notio
360 413 512 477 aliqua
547 413 825 470 eminentiae,
860 413 1101 470 claritatis,
1136 417 1272 477 atque
1309 413 1373 460 ita
1408 416 1528 460 recte
1564 410 1731 458 dicitur
1766 409 1824 456 dc
1858 409 2009 475 specie

200 495 369 559 insigni
379 518 392 554 ;
437 513 532 544 non
575 497 633 544 de
679 513 728 544 re
775 497 969 545 evanida
1008 513 1042 544 s,
1077 498 1243 544 umbra.
1309 496 1470 544 Potius
1504 495 1645 558 igitur
1676 511 1760 559 pro
1795 498 2007 555 τρέψειεν

201 581 362 644 scripsi
398 582 627 642 κρύψειεν.
694 579 868 628 Umbra
907 583 1015 628 non·
1036 582 1247 628 convertit
1271 581 1345 628 vel
1379 582 1578 628 immutat
1611 597 1730 637 rem,
1764 579 1848 627 sed
1879 581 2009 642 ἱεροί,

201 666 404 712 obscurat
438 681 551 712 eam.
618 665 691 711 Ita
740 665 828 712 hoc
880 665 1055 712 dictum
1106 665 1279 728 optime
1329 664 1579 728 respondet
1621 664 1833 728 opposito
1872 666 1912 714 εἰ
1959 665 2010 714 δὲ

200 751 412 811 δυςτνχῆ
461 750 819 810 (δνςτυχοῦντα
866 750 938 807 δὲ)
993 752 1204 811 σπόγγος
1254 753 1443 800 ὤλεσεν.
1516 750 1695 797 Eadem
1734 747 2012 813 permutatio

199 834 318 880 faeta
351 832 532 879 videtur
561 833 611 879 in
646 832 783 895 Soph.
819 833 937 881 Oed.
973 834 1069 882 Col.
1109 837 1223 881 113:
1260 839 1338 883 καὶ
1371 840 1426 884 σὺ
1463 832 1582 895 aaa&
1617 835 1718 884 ὁδοῦ
1754 834 1876 883 πόδα
1907 834 2008 893 κρύ-

199 918 282 974 ψον
314 913 430 966 κατ’
463 918 640 974 ἄλσος,
672 932 756 979 pro
790 931 882 980 quo
916 916 1097 979 legatur
1131 918 1254 967 πόδα
1289 919 1476 978 τρέψον.

262 1074 341 1123 Vs.
376 1077 499 1123 1221
538 1093 634 1141 sqq.
701 1077 828 1125 Libri
878 1080 1319 1134 δακτυλοδεικτῶν,
1369 1074 1495 1142 quod
1545 1078 1662 1124 foret
1713 1075 2009 1140 participium

197 1159 490 1207 referendum
544 1161 605 1208 ad
654 1182 748 1220 τις.
813 1162 1116 1210 Casaubonus
1166 1163 1359 1224 conjecit
1404 1162 1834 1216 δακτυλὸδεικτον,
1878 1159 2008 1223 quod

198 1243 371 1307 recepit
407 1244 670 1304 Schiitzius‚
705 1247 1011 1310 interpretans
1045 1248 1255 1294 hominem
1288 1247 1459 1294 divitiis
1492 1247 1702 1308 insiqnem
1731 1261 1850 1291 nemo
1860 1244 2008 1306 facile

197 1329 252 1376 ab
301 1329 478 1377 aedibus
517 1331 696 1379 arcebit.
763 1331 910 1379 Unice
962 1335 1122 1395 aptum
1181 1348 1281 1379 esse
1331 1331 1772 1388 δακτυλοδείκτων,
1821 1345 2010 1387 sensus,

201 1412 386 1476 opinor,
433 1413 579 1462 docet.
613 1441 680 1452 --
723 1415 781 1462 In
815 1431 880 1480 sq.
916 1432 979 1463 VS.
1014 1417 1186 1477 μηκέτ’
1222 1418 1431 1476 εἷςέλθῃς
1465 1420 1534 1462 est
1566 1413 1824 1461 Hermanni
1859 1429 2012 1460 emen-

201 1496 327 1544 datio
378 1498 610 1563 plerisque
659 1504 844 1564 recepta
894 1517 977 1564 pro
1021 1504 1194 1562 μηκέτι
1228 1501 1267 1549 δ’
1303 1501 1526 1559 εἶςέλθῃς.
1595 1498 1812 1545 Ceterum
1849 1501 2007 1544 utrum

196 1581 371 1630 rectius
422 1582 774 1646 interpungatur
822 1584 990 1646 μηκέτ’
1037 1587 1274 1645 εἶςέλθῃς,
1326 1585 1442 1633 τάδε
1488 1584 1674 1644 Φωνῶν,
1725 1598 1785 1629 an
1831 1583 2007 1642 μηκέτ’

200 1667 408 1728 εἷςέλθῃς
443 1665 585 1724 τάδε,
619 1669 807 1728 Φωνῶν,
844 1668 1102 1730 ambigitur.
1170 1667 1295 1715 Illud
1336 1668 1538 1732 praefert
1578 1667 1820 1714 Dobraeus
1863 1666 2013 1713 conse-

206 1765 312 1796 rens
336 1749 540 1813 Choeph.
563 1753 683 1798 314:
719 1754 982 1813 »δράσαντι
1017 1750 1238 1810 παθεῖν,”
1274 1751 1491 1813 τριγέρων
1523 1754 1662 1812 μῦῦος
1699 1751 1818 1801 τάδε
1853 1750 2008 1811 Φωνεῖ,

204 1832 285 1880 ubi
315 1833 426 1880 item
450 1833 656 1882 abundat
677 1836 825 1886 τάδε;
859 1839 905 1882 at
928 1835 1170 1882 verborum
1193 1834 1432 1882 collocatio
1466 1850 1560 1882 non
1581 1835 1720 1898 plane
1742 1833 1904 1882 similis
1929 1839 2009 1882 est.

266 1972 345 2024 VS.
382 1973 523 2023 1227.
656 1978 732 2025 νῦν
766 1976 809 2024 δ’
842 1978 883 2025 εἷ
917 1979 1142 2037 προτέρων
1176 1975 1278 2036 αἷμ’
1314 1978 1533 2026 ἀποτίσει

660 2063 740 2108 καὶ
775 2063 898 2108 τοῖσι
932 2062 1110 2109 θανοῦσι
1147 2062 1285 2109 θανὼν
1319 2062 1482 2109 ἄλλων

718 2146 877 2199 ποινᾶς
912 2144 1118 2190 θανάτων
1149 2142 1422 2201 ἐπικρανεῖ,

656 2223 730 2279 τίς
763 2221 819 2271 ἂν
859 2221 1051 2282 εὔξαιτο
1087 2223 1196 2271 κτέ.

195 2346 335 2410 Quod
377 2352 483 2412 post
530 2352 734 2399 θανάτων
767 2349 901 2396 Fam.
936 2348 1096 2395 inserit
1139 2350 1284 2410 ἄγαν,
1318 2353 1439 2395 recte
1474 2352 1527 2395 ut
1560 2347 1803 2396 insititium
1839 2346 2009 2395 delevit

193 2432 511 2490 Hermannus,
563 2438 614 2480 ut
651 2433 746 2494 jam
779 2432 908 2496 prius
942 2433 1184 2490 Franzius,
1219 2433 1315 2479 sive
1348 2431 1466 2479 illud
1500 2448 1526 2478 a
1559 2433 1748 2480 metrico
1782 2433 2007 2480 insertum

195 2517 255 2563 sit
295 2517 390 2564 sive
435 2520 596 2564 natum
637 2533 695 2564 ex
739 2517 859 2564 male
901 2517 1063 2564 iterat-a
1096 2516 1418 2564 terminatione
1453 2518 1718 2575 (θαν)οἱτων.
1781 2517 1890 2564 Non
1923 2517 2009 2565 im-

194 2601 446 2665 probabilis
501 2601 688 2666 quidem
736 2600 966 2648 Dindorfii
1017 2605 1062 2648 et
1112 2601 1412 2663 Bambergeri
1462 2602 1742 2662 conjectura,
1788 2601 2010 2665 scriptum

197 2685 340 2733 fuisse
385 2687 720 2746 ἀντεπικρανεῖ
761 2685 834 2732 vel
867 2685 1210 2746 ἄντεπικραῖνει
1230 2719 1245 2741 ,
1290 2688 1343 2731 ut
1378 2687 1761 2734 ἀνταποκτείνειν
1793 2689 1839 2732 et
1871 2687 2004 2736 ἀντι-

197 2774 453 2819 κακτανεῖν
486 2769 702 2831 leguntur
735 2768 784 2815 in
808 2767 1110 2831 Ch05phoris3
1147 2773 1193 2815 at
1226 2768 1406 2816 etiamsi
1438 2769 1489 2815 in
1522 2768 1677 2815 codice
1700 2769 1764 2816 ita
1787 2770 2009 2833 scriptum

193 2854 356 2912 fuerit,
405 2858 560 2902 tamen
609 2853 728 2902 illud
774 2855 889 2903 αντ·
938 2852 1184 2901 insititium
1228 2853 1342 2900 mihi
1391 2853 1594 2911 videtur,
1647 2853 1773 2918 quod
1817 2858 2006 2918 propter

196 2937 406 2985 additum
454 2939 618 2987 ἄλλων
663 2941 784 2984 certe
836 2953 1172 3001 supervacuum
1224 2941 1306 2984 est.
1374 2936 1513 2999 Quod
1547 2942 1701 2985 autem
1734 2937 1860 2986 idem
1892 2938 2010 2986 Her-

195 3038 393 3070 mannus
419 3039 505 3087 pro
529 3025 774 3084 ἐπικρανεῖ
803 3022 1009 3086 reposuit
1042 3022 1324 3084 ἐπικραίνει,
1359 3022 1409 3070 id
1432 3023 1511 3071 vix
1544 3022 1654 3070 sinit
1686 3039 2007 3087 praegressum

196 3109 444 3166 ἀποτίσεις
486 3124 627 3172 quare
670 3107 968 3156 statuendum
1012 3108 1315 3172 penultimam
1358 3108 1407 3156 in
1442 3116 1588 3169 κρανῶ
1625 3108 1700 3155 hic
1733 3108 2007 3172 productam

196 3206 296 3237 esse
343 3206 487 3255 aeque
529 3207 582 3238 ac
620 3191 754 3241 Eum.
791 3195 884 3240 950
920 3193 970 3240 in
1007 3191 1064 3242 οῖ’
1098 3193 1367 3255 ἐπικρανεῖ,
1402 3193 1529 3257 quod
1562 3194 1673 3240 item
1707 3209 1734 3240 a
1766 3193 1925 3240 multis
1957 3193 2007 3240 in

195 3275 451 3334 ἐπικραίνει
483 3279 712 3323 mutatum
743 3280 824 3324 est.
881 3276 1015 3324 Idem
1049 3277 1226 3324 obtinet
1258 3277 1306 3324 in
1341 3280 1462 3336 ἀρῶ,
1496 3279 1694 3338 ἀροῦμεν
1725 3278 1849 3326 Pers.
1887 3278 2007 3336 795,

194 3358 278 3405 ubi
328 3358 384 3407 cf.
431 3358 676 3408 Wellauer.
743 3359 921 3408 Eadem
973 3364 1042 3408 est
1093 3360 1321 3408 sententia
1363 3361 1582 3408 Lobeckii
1628 3361 1688 3408 ad
1731 3362 2006 3410 Buttmanni

196 3442 276 3491 Gr.
311 3441 390 3490 Gr.
424 3443 561 3506 ampl.
595 3443 667 3501 II,
701 3461 746 3509 p.
784 3448 894 3494 311.

261 3525 320 3573 In
351 3524 564 3589 proximo
596 3543 730 3575 versu
763 3532 838 3587 τίς
871 3528 928 3580 ἂν
962 3527 1155 3590 εὔξαιτο
1192 3528 1477 3576 desideratur
1505 3529 1698 3593 syllaba,
1722 3545 1861 3594 quam
1885 3529 2003 3577 alius

198 3608 328 3657 aliter
377 3609 608 3674 supplent.
668 3610 892 3660 Canterus
942 3614 1016 3670 τίς
1065 3612 1119 3662 ἂν
1167 3613 1246 3663 οὐκ
1290 3611 1498 3676 εὔξαιτο.
1568 3615 1801 3662 Porsonus
1836 3618 1908 3673 τίς
1943 3614 1997 3665 ἂν
