<?xml version="1.0" encoding="UTF-8"?>
<!DOCTYPE html PUBLIC "-//W3C//DTD XHTML 1.0 Transitional//EN"
    "http://www.w3.org/TR/xhtml1/DTD/xhtml1-transitional.dtd">
<html xmlns="http://www.w3.org/1999/xhtml" xml:lang="en" lang="en">
 <head>
  <title>
</title>
<meta http-equiv="Content-Type" content="text/html;charset=utf-8" />
  <meta name='ocr-system' content='tesseract 3.04.00' />
  <meta name='ocr-capabilities' content='ocr_page ocr_carea ocr_par ocr_line ocrx_word'/>
</head>
<body>
  <div class='ocr_page' id='page_1' title='image "agamemnonrecensu00aescuoft_0153.png"; bbox 0 0 2340 3958; ppageno 0'>
   <div class='ocr_carea' id='block_1_1' title="bbox 770 182 1997 232">
    <p class='ocr_par' dir='ltr' id='par_1_1' title="bbox 770 182 1997 232">
     <span class='ocr_line' id='line_1_1' title="bbox 770 182 1997 232; baseline -0.001 -4"><span class='ocrx_word' id='word_1_1' title='bbox 770 182 840 229; x_wconf 92' lang='lat' dir='ltr'>IN</span> <span class='ocrx_word' id='word_1_2' title='bbox 872 182 1392 232; x_wconf 78' lang='lat' dir='ltr'><strong>AGAMEMNONEM.</strong></span> <span class='ocrx_word' id='word_1_3' title='bbox 1907 183 1997 228; x_wconf 82' lang='lat'>135</span> 
     </span>
    </p>
   </div>
   <div class='ocr_carea' id='block_1_2' title="bbox 142 331 2002 2153">
    <p class='ocr_par' dir='ltr' id='par_1_2' title="bbox 167 331 2002 979">
     <span class='ocr_line' id='line_1_2' title="bbox 167 331 2000 396; baseline -0.001 -18"><span class='ocrx_word' id='word_1_4' title='bbox 167 336 299 379; x_wconf 65' lang='lat' dir='ltr'>«runt</span> <span class='ocrx_word' id='word_1_5' title='bbox 340 334 595 390; x_wconf 82' lang='grc' dir='ltr'><em>ἐντελέων,</em></span> <span class='ocrx_word' id='word_1_6' title='bbox 645 332 719 378; x_wconf 86' lang='lat' dir='ltr'>cui</span> <span class='ocrx_word' id='word_1_7' title='bbox 770 334 999 381; x_wconf 86' lang='lat' dir='ltr'>caleulum</span> <span class='ocrx_word' id='word_1_8' title='bbox 1031 334 1255 396; x_wconf 89' lang='lat' dir='ltr'>adjiciunt</span> <span class='ocrx_word' id='word_1_9' title='bbox 1287 331 1638 390; x_wconf 85' lang='lat' dir='ltr'>Blomfieldius,</span> <span class='ocrx_word' id='word_1_10' title='bbox 1672 331 2000 388; x_wconf 87' lang='lat' dir='ltr'>Hermannus,</span> 
     </span>
     <span class='ocr_line' id='line_1_3' title="bbox 191 415 2000 479; baseline -0.001 -17"><span class='ocrx_word' id='word_1_11' title='bbox 191 415 298 472; x_wconf 88' lang='lat' dir='ltr'>alii,</span> <span class='ocrx_word' id='word_1_12' title='bbox 348 431 439 479; x_wconf 90' lang='lat' dir='ltr'>quo</span> <span class='ocrx_word' id='word_1_13' title='bbox 486 415 798 477; x_wconf 80' lang='lat' dir='ltr'>significentur</span> <span class='ocrx_word' id='word_1_14' title='bbox 834 422 875 466; x_wconf 80' lang='grc' dir='ltr'>οἱ</span> <span class='ocrx_word' id='word_1_15' title='bbox 907 419 956 466; x_wconf 77' lang='grc' dir='ltr'><em>ἐν</em></span> <span class='ocrx_word' id='word_1_16' title='bbox 989 422 1126 467; x_wconf 86' lang='grc' dir='ltr'><em>τέλει</em></span> <span class='ocrx_word' id='word_1_17' title='bbox 1158 419 1317 476; x_wconf 64' lang='grc' dir='ltr'><em>ὅντες,</em></span> <span class='ocrx_word' id='word_1_18' title='bbox 1352 417 1442 464; x_wconf 82' lang='lat' dir='ltr'>viri</span> <span class='ocrx_word' id='word_1_19' title='bbox 1467 416 1697 479; x_wconf 75' lang='lat' dir='ltr'><em>principes</em></span> <span class='ocrx_word' id='word_1_20' title='bbox 1729 415 1802 463; x_wconf 89' lang='lat' dir='ltr'>vel</span> <span class='ocrx_word' id='word_1_21' title='bbox 1836 415 2000 462; x_wconf 77' lang='lat' dir='ltr'>eximii.</span> 
     </span>
     <span class='ocr_line' id='line_1_4' title="bbox 190 498 2000 564; baseline 0 -19"><span class='ocrx_word' id='word_1_22' title='bbox 190 499 324 545; x_wconf 79' lang='lat' dir='ltr'>Certe</span> <span class='ocrx_word' id='word_1_23' title='bbox 358 500 622 555; x_wconf 79' lang='grc' dir='ltr'><em>ἐκτελέων,</em></span> <span class='ocrx_word' id='word_1_24' title='bbox 673 498 712 544; x_wconf 85' lang='lat' dir='ltr'>si</span> <span class='ocrx_word' id='word_1_25' title='bbox 762 500 817 546; x_wconf 90' lang='lat' dir='ltr'>ab</span> <span class='ocrx_word' id='word_1_26' title='bbox 861 500 1068 558; x_wconf 77' lang='grc' dir='ltr'><em>ἐκτελῆς</em></span> <span class='ocrx_word' id='word_1_27' title='bbox 1115 499 1339 557; x_wconf 88' lang='lat' dir='ltr'>ducatur,</span> <span class='ocrx_word' id='word_1_28' title='bbox 1379 499 1592 564; x_wconf 90' lang='lat' dir='ltr'>ineptum</span> <span class='ocrx_word' id='word_1_29' title='bbox 1626 503 1723 556; x_wconf 83' lang='lat' dir='ltr'>est;</span> <span class='ocrx_word' id='word_1_30' title='bbox 1759 498 1843 545; x_wconf 86' lang='lat' dir='ltr'>sed</span> <span class='ocrx_word' id='word_1_31' title='bbox 1875 503 2000 546; x_wconf 89' lang='lat' dir='ltr'>recte</span> 
     </span>
     <span class='ocr_line' id='line_1_5' title="bbox 187 581 2002 647; baseline 0 -18"><span class='ocrx_word' id='word_1_32' title='bbox 187 582 304 630; x_wconf 77' lang='lat' dir='ltr'>vidit</span> <span class='ocrx_word' id='word_1_33' title='bbox 348 581 531 629; x_wconf 88' lang='lat' dir='ltr'>Paleius</span> <span class='ocrx_word' id='word_1_34' title='bbox 578 581 873 645; x_wconf 79' lang='lat' dir='ltr'>participium</span> <span class='ocrx_word' id='word_1_35' title='bbox 922 599 1022 629; x_wconf 88' lang='lat' dir='ltr'>esse</span> <span class='ocrx_word' id='word_1_36' title='bbox 1075 582 1203 629; x_wconf 90' lang='lat' dir='ltr'>verbi</span> <span class='ocrx_word' id='word_1_37' title='bbox 1255 583 1500 642; x_wconf 75' lang='grc' dir='ltr'>ἐκτελεῖν,</span> <span class='ocrx_word' id='word_1_38' title='bbox 1553 581 1677 647; x_wconf 89' lang='lat' dir='ltr'>quod</span> <span class='ocrx_word' id='word_1_39' title='bbox 1710 585 1866 630; x_wconf 82' lang='lat' dir='ltr'>tamen</span> <span class='ocrx_word' id='word_1_40' title='bbox 1899 599 2002 646; x_wconf 84' lang='lat' dir='ltr'>per-</span> 
     </span>
     <span class='ocr_line' id='line_1_6' title="bbox 185 665 1998 730; baseline 0.002 -16"><span class='ocrx_word' id='word_1_41' title='bbox 185 683 343 730; x_wconf 81' lang='lat' dir='ltr'><strong>peram</strong></span> <span class='ocrx_word' id='word_1_42' title='bbox 392 665 548 712; x_wconf 90' lang='lat' dir='ltr'>retulit</span> <span class='ocrx_word' id='word_1_43' title='bbox 598 665 657 711; x_wconf 87' lang='lat' dir='ltr'>ad</span> <span class='ocrx_word' id='word_1_44' title='bbox 707 668 858 726; x_wconf 80' lang='grc' dir='ltr'><em>κύριός</em></span> <span class='ocrx_word' id='word_1_45' title='bbox 893 667 1019 726; x_wconf 83' lang='grc' dir='ltr'><em>εἶμι,</em></span> <span class='ocrx_word' id='word_1_46' title='bbox 1074 682 1180 712; x_wconf 88' lang='lat' dir='ltr'>cum</span> <span class='ocrx_word' id='word_1_47' title='bbox 1207 665 1501 727; x_wconf 83' lang='lat' dir='ltr'>jungendum</span> <span class='ocrx_word' id='word_1_48' title='bbox 1536 666 1596 713; x_wconf 90' lang='lat' dir='ltr'>sit</span> <span class='ocrx_word' id='word_1_49' title='bbox 1630 683 1736 714; x_wconf 88' lang='lat' dir='ltr'>cum</span> <span class='ocrx_word' id='word_1_50' title='bbox 1771 683 1837 730; x_wconf 89' lang='lat' dir='ltr'>sq.</span> <span class='ocrx_word' id='word_1_51' title='bbox 1873 667 1998 717; x_wconf 76' lang='grc' dir='ltr'><em>αἰών.</em></span> 
     </span>
     <span class='ocr_line' id='line_1_7' title="bbox 187 748 1996 811; baseline -0.001 -13"><span class='ocrx_word' id='word_1_52' title='bbox 187 751 363 798; x_wconf 86' lang='lat' dir='ltr'>Similia</span> <span class='ocrx_word' id='word_1_53' title='bbox 398 748 615 795; x_wconf 82' lang='lat' dir='ltr'>diaeresis</span> <span class='ocrx_word' id='word_1_54' title='bbox 649 748 860 811; x_wconf 83' lang='lat' dir='ltr'>exempla</span> <span class='ocrx_word' id='word_1_55' title='bbox 894 752 1002 794; x_wconf 88' lang='lat' dir='ltr'>sunt</span> <span class='ocrx_word' id='word_1_56' title='bbox 1035 748 1155 795; x_wconf 88' lang='lat' dir='ltr'>infra</span> <span class='ocrx_word' id='word_1_57' title='bbox 1189 765 1254 796; x_wconf 88' lang='lat' dir='ltr'>vs.</span> <span class='ocrx_word' id='word_1_58' title='bbox 1292 752 1383 796; x_wconf 79' lang='lat'>146</span> <span class='ocrx_word' id='word_1_59' title='bbox 1421 749 1595 800; x_wconf 87' lang='grc' dir='ltr'><em>καλέω.</em></span> <span class='ocrx_word' id='word_1_60' title='bbox 1640 750 1792 797; x_wconf 88' lang='lat' dir='ltr'>Prom.</span> <span class='ocrx_word' id='word_1_61' title='bbox 1816 766 1881 798; x_wconf 86' lang='lat' dir='ltr'>vs.</span> <span class='ocrx_word' id='word_1_62' title='bbox 1903 753 1996 797; x_wconf 77' lang='lat'>542</span> 
     </span>
     <span class='ocr_line' id='line_1_8' title="bbox 188 832 1997 897; baseline -0.001 -13"><span class='ocrx_word' id='word_1_63' title='bbox 188 838 401 896; x_wconf 76' lang='grc' dir='ltr'><em>τρομέων.</em></span> <span class='ocrx_word' id='word_1_64' title='bbox 450 833 573 879; x_wconf 92' lang='lat' dir='ltr'>Pers.</span> <span class='ocrx_word' id='word_1_65' title='bbox 624 847 688 879; x_wconf 86' lang='lat' dir='ltr'>vs.</span> <span class='ocrx_word' id='word_1_66' title='bbox 746 833 806 877; x_wconf 80' lang='lat'>64</span> <span class='ocrx_word' id='word_1_67' title='bbox 855 835 1145 893; x_wconf 71' lang='grc' dir='ltr'><em>τρομέονται.</em></span> <span class='ocrx_word' id='word_1_68' title='bbox 1199 832 1255 879; x_wconf 88' lang='lat' dir='ltr'>cf.</span> <span class='ocrx_word' id='word_1_69' title='bbox 1301 833 1492 880; x_wconf 80' lang='lat' dir='ltr'><strong>Ellendt</strong></span> <span class='ocrx_word' id='word_1_70' title='bbox 1527 834 1640 881; x_wconf 86' lang='lat' dir='ltr'><strong>Lex.</strong></span> <span class='ocrx_word' id='word_1_71' title='bbox 1676 834 1815 897; x_wconf 85' lang='lat' dir='ltr'>Soph.</span> <span class='ocrx_word' id='word_1_72' title='bbox 1849 835 1997 882; x_wconf 89' lang='lat' dir='ltr'>Praef.</span> 
     </span>
     <span class='ocr_line' id='line_1_9' title="bbox 185 917 612 979; baseline -0.002 -16"><span class='ocrx_word' id='word_1_73' title='bbox 185 918 284 964; x_wconf 88' lang='lat' dir='ltr'>Vol.</span> <span class='ocrx_word' id='word_1_74' title='bbox 319 917 393 973; x_wconf 92' lang='lat' dir='ltr'>II,</span> <span class='ocrx_word' id='word_1_75' title='bbox 427 934 471 979; x_wconf 89' lang='lat' dir='ltr'>p.</span> <span class='ocrx_word' id='word_1_76' title='bbox 506 929 612 963; x_wconf 84' lang='lat' dir='ltr'><strong>XIII.</strong></span> 
     </span>
    </p>

    <p class='ocr_par' dir='ltr' id='par_1_3' title="bbox 173 1000 1998 1910">
     <span class='ocr_line' id='line_1_10' title="bbox 250 1000 1996 1064; baseline 0.001 -17"><span class='ocrx_word' id='word_1_77' title='bbox 250 1001 381 1063; x_wconf 70' lang='lat' dir='ltr'>Quae</span> <span class='ocrx_word' id='word_1_78' title='bbox 432 1004 688 1064; x_wconf 89' lang='lat' dir='ltr'>sequuntur</span> <span class='ocrx_word' id='word_1_79' title='bbox 731 1000 899 1058; x_wconf 87' lang='lat' dir='ltr'>verba,</span> <span class='ocrx_word' id='word_1_80' title='bbox 951 1002 1025 1050; x_wconf 70' lang='grc' dir='ltr'>ἔτι</span> <span class='ocrx_word' id='word_1_81' title='bbox 1073 1007 1163 1063; x_wconf 75' lang='grc' dir='ltr'>γέιρ</span> <span class='ocrx_word' id='word_1_82' title='bbox 1215 1004 1357 1052; x_wconf 86' lang='grc' dir='ltr'><em>θεόθεν</em></span> <span class='ocrx_word' id='word_1_83' title='bbox 1390 1029 1452 1035; x_wconf 89' lang='lat'>—</span> <span class='ocrx_word' id='word_1_84' title='bbox 1486 1003 1612 1059; x_wconf 74' lang='grc' dir='ltr'><em>αἰών,</em></span> <span class='ocrx_word' id='word_1_85' title='bbox 1669 1018 1809 1049; x_wconf 87' lang='lat' dir='ltr'>sensu</span> <span class='ocrx_word' id='word_1_86' title='bbox 1843 1018 1996 1049; x_wconf 89' lang='lat' dir='ltr'>carere</span> 
     </span>
     <span class='ocr_line' id='line_1_11' title="bbox 182 1084 1998 1151; baseline 0 -19"><span class='ocrx_word' id='word_1_87' title='bbox 182 1085 280 1133; x_wconf 87' lang='lat' dir='ltr'>visa</span> <span class='ocrx_word' id='word_1_88' title='bbox 323 1089 431 1132; x_wconf 87' lang='lat' dir='ltr'>sunt</span> <span class='ocrx_word' id='word_1_89' title='bbox 469 1085 701 1149; x_wconf 87' lang='lat' dir='ltr'>plerisque</span> <span class='ocrx_word' id='word_1_90' title='bbox 735 1084 1066 1149; x_wconf 77' lang='lat' dir='ltr'>interpretibus</span> <span class='ocrx_word' id='word_1_91' title='bbox 1083 1123 1095 1143; x_wconf 91' lang='lat'><strong>,</strong></span> <span class='ocrx_word' id='word_1_92' title='bbox 1131 1086 1212 1150; x_wconf 91' lang='lat' dir='ltr'>qui</span> <span class='ocrx_word' id='word_1_93' title='bbox 1246 1102 1331 1133; x_wconf 91' lang='lat' dir='ltr'>suo</span> <span class='ocrx_word' id='word_1_94' title='bbox 1366 1087 1563 1151; x_wconf 89' lang='lat' dir='ltr'>quisque</span> <span class='ocrx_word' id='word_1_95' title='bbox 1598 1087 1738 1134; x_wconf 92' lang='lat' dir='ltr'>modo</span> <span class='ocrx_word' id='word_1_96' title='bbox 1773 1102 1828 1133; x_wconf 90' lang='lat' dir='ltr'>ea</span> <span class='ocrx_word' id='word_1_97' title='bbox 1861 1086 1998 1133; x_wconf 89' lang='lat' dir='ltr'>corri-</span> 
     </span>
     <span class='ocr_line' id='line_1_12' title="bbox 182 1169 1998 1235; baseline 0 -19"><span class='ocrx_word' id='word_1_98' title='bbox 182 1185 288 1231; x_wconf 84' lang='lat' dir='ltr'>gere</span> <span class='ocrx_word' id='word_1_99' title='bbox 320 1172 570 1217; x_wconf 87' lang='lat' dir='ltr'>tentarunt.</span> <span class='ocrx_word' id='word_1_100' title='bbox 638 1169 936 1232; x_wconf 86' lang='lat' dir='ltr'>Conjecturas</span> <span class='ocrx_word' id='word_1_101' title='bbox 969 1170 1072 1217; x_wconf 89' lang='lat' dir='ltr'>illas</span> <span class='ocrx_word' id='word_1_102' title='bbox 1106 1170 1274 1218; x_wconf 88' lang='lat' dir='ltr'>referre</span> <span class='ocrx_word' id='word_1_103' title='bbox 1310 1170 1615 1234; x_wconf 87' lang='lat' dir='ltr'>supersedeo,</span> <span class='ocrx_word' id='word_1_104' title='bbox 1652 1171 1761 1235; x_wconf 90' lang='lat' dir='ltr'>quia</span> <span class='ocrx_word' id='word_1_105' title='bbox 1792 1186 1904 1218; x_wconf 86' lang='lat' dir='ltr'>sana</span> <span class='ocrx_word' id='word_1_106' title='bbox 1928 1174 1998 1218; x_wconf 86' lang='lat' dir='ltr'>est</span> 
     </span>
     <span class='ocr_line' id='line_1_13' title="bbox 173 1253 1995 1322; baseline 0 -21"><span class='ocrx_word' id='word_1_107' title='bbox 173 1253 430 1322; x_wconf 80' lang='lat' dir='ltr'>sententia,</span> <span class='ocrx_word' id='word_1_108' title='bbox 465 1253 604 1301; x_wconf 88' lang='lat' dir='ltr'>modo</span> <span class='ocrx_word' id='word_1_109' title='bbox 638 1259 833 1315; x_wconf 70' lang='grc' dir='ltr'><em>μολπᾶν</em></span> <span class='ocrx_word' id='word_1_110' title='bbox 868 1258 1072 1302; x_wconf 88' lang='lat' dir='ltr'>mutetur</span> <span class='ocrx_word' id='word_1_111' title='bbox 1104 1254 1154 1301; x_wconf 91' lang='lat' dir='ltr'>in</span> <span class='ocrx_word' id='word_1_112' title='bbox 1179 1261 1395 1316; x_wconf 73' lang='grc' dir='ltr'><em>μολπᾶν,</em></span> <span class='ocrx_word' id='word_1_113' title='bbox 1419 1259 1473 1302; x_wconf 90' lang='lat' dir='ltr'>ut</span> <span class='ocrx_word' id='word_1_114' title='bbox 1503 1255 1612 1303; x_wconf 87' lang='lat' dir='ltr'>fecit</span> <span class='ocrx_word' id='word_1_115' title='bbox 1634 1256 1995 1316; x_wconf 85' lang='lat' dir='ltr'>Bambergerus,</span> 
     </span>
     <span class='ocr_line' id='line_1_14' title="bbox 180 1337 1994 1405; baseline 0.001 -19"><span class='ocrx_word' id='word_1_116' title='bbox 180 1338 254 1387; x_wconf 89' lang='lat' dir='ltr'>vel</span> <span class='ocrx_word' id='word_1_117' title='bbox 287 1338 414 1402; x_wconf 92' lang='lat' dir='ltr'>quod</span> <span class='ocrx_word' id='word_1_118' title='bbox 446 1337 612 1385; x_wconf 87' lang='lat' dir='ltr'>melius</span> <span class='ocrx_word' id='word_1_119' title='bbox 645 1339 789 1401; x_wconf 81' lang='lat' dir='ltr'>pnto,</span> <span class='ocrx_word' id='word_1_120' title='bbox 822 1338 870 1385; x_wconf 91' lang='lat' dir='ltr'>in</span> <span class='ocrx_word' id='word_1_121' title='bbox 906 1346 1114 1399; x_wconf 67' lang='grc' dir='ltr'><em>μολπᾶς.</em></span> <span class='ocrx_word' id='word_1_122' title='bbox 1170 1340 1312 1387; x_wconf 82' lang='lat' dir='ltr'>Recte</span> <span class='ocrx_word' id='word_1_123' title='bbox 1347 1339 1465 1388; x_wconf 87' lang='lat' dir='ltr'>vidit</span> <span class='ocrx_word' id='word_1_124' title='bbox 1498 1340 1600 1396; x_wconf 86' lang='lat' dir='ltr'>ille,</span> <span class='ocrx_word' id='word_1_125' title='bbox 1625 1347 1818 1405; x_wconf 71' lang='grc' dir='ltr'><em>μολπᾶν</em></span> <span class='ocrx_word' id='word_1_126' title='bbox 1835 1340 1994 1388; x_wconf 76' lang='grc' dir='ltr'><em>εἰλκῖιν</em></span> 
     </span>
     <span class='ocr_line' id='line_1_15' title="bbox 182 1417 1996 1487; baseline 0 -18"><span class='ocrx_word' id='word_1_127' title='bbox 182 1439 281 1469; x_wconf 87' lang='lat' dir='ltr'>esse</span> <span class='ocrx_word' id='word_1_128' title='bbox 331 1421 667 1486; x_wconf 88' lang='lat' dir='ltr'>appositionem</span> <span class='ocrx_word' id='word_1_129' title='bbox 717 1422 842 1470; x_wconf 87' lang='lat' dir='ltr'>vocis</span> <span class='ocrx_word' id='word_1_130' title='bbox 893 1424 1055 1473; x_wconf 75' lang='grc' dir='ltr'><em>πειθῶε</em></span> <span class='ocrx_word' id='word_1_131' title='bbox 1077 1424 1255 1487; x_wconf 74' lang='lat' dir='ltr'>fiducia</span> <span class='ocrx_word' id='word_1_132' title='bbox 1295 1417 1329 1471; x_wconf 79' lang='lat' dir='ltr'>s.</span> <span class='ocrx_word' id='word_1_133' title='bbox 1353 1425 1586 1486; x_wconf 71' lang='lat' dir='ltr'>persuasio</span> <span class='ocrx_word' id='word_1_134' title='bbox 1619 1428 1810 1472; x_wconf 89' lang='lat' dir='ltr'>vocatur</span> <span class='ocrx_word' id='word_1_135' title='bbox 1832 1422 1996 1480; x_wconf 33' lang='grc' dir='ltr'><em>,οοιηίιίε</em></span> 
     </span>
     <span class='ocr_line' id='line_1_16' title="bbox 180 1506 1995 1570; baseline 0 -16"><span class='ocrx_word' id='word_1_136' title='bbox 180 1508 328 1564; x_wconf 78' lang='lat' dir='ltr'>robur,</span> <span class='ocrx_word' id='word_1_137' title='bbox 369 1511 422 1554; x_wconf 91' lang='lat' dir='ltr'>ut</span> <span class='ocrx_word' id='word_1_138' title='bbox 454 1523 572 1570; x_wconf 89' lang='lat' dir='ltr'>quae</span> <span class='ocrx_word' id='word_1_139' title='bbox 607 1507 813 1554; x_wconf 84' lang='lat' dir='ltr'>canentis</span> <span class='ocrx_word' id='word_1_140' title='bbox 846 1511 1007 1570; x_wconf 86' lang='lat' dir='ltr'>pectus</span> <span class='ocrx_word' id='word_1_141' title='bbox 1042 1507 1215 1555; x_wconf 89' lang='lat' dir='ltr'>animat</span> <span class='ocrx_word' id='word_1_142' title='bbox 1249 1513 1295 1555; x_wconf 86' lang='lat' dir='ltr'>et</span> <span class='ocrx_word' id='word_1_143' title='bbox 1321 1509 1518 1556; x_wconf 77' lang='lat' dir='ltr'>roborat.</span> <span class='ocrx_word' id='word_1_144' title='bbox 1585 1508 1643 1555; x_wconf 93' lang='lat' dir='ltr'>In</span> <span class='ocrx_word' id='word_1_145' title='bbox 1674 1506 1870 1555; x_wconf 87' lang='lat' dir='ltr'>eandem</span> <span class='ocrx_word' id='word_1_146' title='bbox 1893 1523 1995 1554; x_wconf 88' lang='lat' dir='ltr'>sen-</span> 
     </span>
     <span class='ocr_line' id='line_1_17' title="bbox 180 1591 1992 1658; baseline 0.002 -21"><span class='ocrx_word' id='word_1_147' title='bbox 180 1591 371 1638; x_wconf 88' lang='lat' dir='ltr'>tentiam</span> <span class='ocrx_word' id='word_1_148' title='bbox 422 1591 561 1638; x_wconf 88' lang='lat' dir='ltr'>verba</span> <span class='ocrx_word' id='word_1_149' title='bbox 610 1591 723 1638; x_wconf 90' lang='lat' dir='ltr'>haec</span> <span class='ocrx_word' id='word_1_150' title='bbox 761 1591 1114 1655; x_wconf 84' lang='lat' dir='ltr'>interpretatum</span> <span class='ocrx_word' id='word_1_151' title='bbox 1147 1592 1284 1640; x_wconf 89' lang='lat' dir='ltr'>video</span> <span class='ocrx_word' id='word_1_152' title='bbox 1325 1593 1631 1641; x_wconf 85' lang='lat' dir='ltr'>Fritzschium</span> <span class='ocrx_word' id='word_1_153' title='bbox 1665 1593 1726 1640; x_wconf 86' lang='lat' dir='ltr'>ad</span> <span class='ocrx_word' id='word_1_154' title='bbox 1758 1593 1992 1658; x_wconf 88' lang='lat' dir='ltr'>Aristoph.</span> 
     </span>
     <span class='ocr_line' id='line_1_18' title="bbox 181 1675 1993 1740; baseline 0.002 -18"><span class='ocrx_word' id='word_1_155' title='bbox 181 1676 295 1723; x_wconf 88' lang='lat' dir='ltr'>Ran.</span> <span class='ocrx_word' id='word_1_156' title='bbox 348 1675 601 1723; x_wconf 88' lang='lat' dir='ltr'>Comment.</span> <span class='ocrx_word' id='word_1_157' title='bbox 651 1693 695 1739; x_wconf 85' lang='lat' dir='ltr'>p.</span> <span class='ocrx_word' id='word_1_158' title='bbox 745 1678 854 1724; x_wconf 87' lang='lat'><strong>390.</strong></span> <span class='ocrx_word' id='word_1_159' title='bbox 921 1675 1056 1724; x_wconf 89' lang='lat' dir='ltr'>Idem</span> <span class='ocrx_word' id='word_1_160' title='bbox 1091 1676 1217 1740; x_wconf 88' lang='lat' dir='ltr'>quod</span> <span class='ocrx_word' id='word_1_161' title='bbox 1253 1681 1323 1724; x_wconf 87' lang='lat' dir='ltr'>est</span> <span class='ocrx_word' id='word_1_162' title='bbox 1356 1677 1404 1724; x_wconf 90' lang='lat' dir='ltr'>in</span> <span class='ocrx_word' id='word_1_163' title='bbox 1440 1677 1678 1725; x_wconf 82' lang='lat' dir='ltr'>codicibus</span> <span class='ocrx_word' id='word_1_164' title='bbox 1711 1677 1824 1740; x_wconf 82' lang='lat' dir='ltr'>legit</span> <span class='ocrx_word' id='word_1_165' title='bbox 1859 1681 1993 1725; x_wconf 86' lang='lat' dir='ltr'>vetus</span> 
     </span>
     <span class='ocr_line' id='line_1_19' title="bbox 180 1760 1990 1826; baseline 0.002 -20"><span class='ocrx_word' id='word_1_166' title='bbox 180 1760 404 1822; x_wconf 87' lang='lat' dir='ltr'>interpres</span> <span class='ocrx_word' id='word_1_167' title='bbox 421 1797 433 1816; x_wconf 93' lang='lat'>,</span> <span class='ocrx_word' id='word_1_168' title='bbox 468 1760 550 1824; x_wconf 89' lang='lat' dir='ltr'>qui</span> <span class='ocrx_word' id='word_1_169' title='bbox 584 1777 770 1807; x_wconf 86' lang='lat' dir='ltr'>sensum</span> <span class='ocrx_word' id='word_1_170' title='bbox 810 1760 1067 1817; x_wconf 85' lang='lat' dir='ltr'>intellexit,</span> <span class='ocrx_word' id='word_1_171' title='bbox 1102 1777 1403 1825; x_wconf 87' lang='lat' dir='ltr'>quamquam,</span> <span class='ocrx_word' id='word_1_172' title='bbox 1438 1762 1692 1826; x_wconf 86' lang='lat' dir='ltr'>impeditus</span> <span class='ocrx_word' id='word_1_173' title='bbox 1727 1763 1990 1810; x_wconf 79' lang='lat' dir='ltr'>accusativo</span> 
     </span>
     <span class='ocr_line' id='line_1_20' title="bbox 179 1845 1987 1910; baseline 0.001 -16"><span class='ocrx_word' id='word_1_174' title='bbox 179 1850 401 1905; x_wconf 72' lang='grc' dir='ltr'><em>μολπᾶν,</em></span> <span class='ocrx_word' id='word_1_175' title='bbox 452 1845 590 1893; x_wconf 88' lang='lat' dir='ltr'>verba</span> <span class='ocrx_word' id='word_1_176' title='bbox 638 1845 791 1892; x_wconf 89' lang='lat' dir='ltr'>minus</span> <span class='ocrx_word' id='word_1_177' title='bbox 840 1849 963 1892; x_wconf 89' lang='lat' dir='ltr'>recte</span> <span class='ocrx_word' id='word_1_178' title='bbox 1015 1846 1267 1909; x_wconf 83' lang='lat' dir='ltr'>explicuit3</span> <span class='ocrx_word' id='word_1_179' title='bbox 1307 1847 1514 1894; x_wconf 87' lang='lat' dir='ltr'>scholion</span> <span class='ocrx_word' id='word_1_180' title='bbox 1566 1847 1653 1894; x_wconf 91' lang='lat' dir='ltr'>hoc</span> <span class='ocrx_word' id='word_1_181' title='bbox 1689 1851 1786 1894; x_wconf 81' lang='lat' dir='ltr'>est:</span> <span class='ocrx_word' id='word_1_182' title='bbox 1843 1854 1863 1901; x_wconf 82' lang='grc' dir='ltr'>ὁ</span> <span class='ocrx_word' id='word_1_183' title='bbox 1897 1854 1987 1910; x_wconf 74' lang='grc' dir='ltr'>γαρ</span> 
     </span>
    </p>

    <p class='ocr_par' dir='ltr' id='par_1_4' title="bbox 142 1928 1988 2153">
     <span class='ocr_line' id='line_1_21' title="bbox 142 1928 1985 1991; baseline 0.002 -13"><span class='ocrx_word' id='word_1_184' title='bbox 142 1945 144 1961; x_wconf 85' lang='lat'><strong>¹</strong></span> <span class='ocrx_word' id='word_1_185' title='bbox 178 1928 425 1988; x_wconf 78' lang='grc' dir='ltr'><em>σύμφυτός</em></span> <span class='ocrx_word' id='word_1_186' title='bbox 449 1948 527 1990; x_wconf 88' lang='grc' dir='ltr'><em>μοι</em></span> <span class='ocrx_word' id='word_1_187' title='bbox 557 1931 681 1986; x_wconf 77' lang='grc' dir='ltr'><em>αἰὼν,</em></span> <span class='ocrx_word' id='word_1_188' title='bbox 711 1930 737 1978; x_wconf 69' lang='grc' dir='ltr'>δ’</span> <span class='ocrx_word' id='word_1_189' title='bbox 759 1929 865 1978; x_wconf 80' lang='grc' dir='ltr'><em>ἐστι</em></span> <span class='ocrx_word' id='word_1_190' title='bbox 892 1934 945 1979; x_wconf 72' lang='grc' dir='ltr'><em>το</em></span> <span class='ocrx_word' id='word_1_191' title='bbox 974 1936 1136 1991; x_wconf 73' lang='grc' dir='ltr'><em>γῆρας,</em></span> <span class='ocrx_word' id='word_1_192' title='bbox 1159 1931 1236 1979; x_wconf 71' lang='grc' dir='ltr'>δια</span> <span class='ocrx_word' id='word_1_193' title='bbox 1261 1938 1346 1987; x_wconf 71' lang='grc' dir='ltr'>τῆν</span> <span class='ocrx_word' id='word_1_194' title='bbox 1375 1933 1441 1988; x_wconf 84' lang='grc' dir='ltr'>εἷς</span> <span class='ocrx_word' id='word_1_195' title='bbox 1471 1934 1596 1987; x_wconf 72' lang='grc' dir='ltr'><em>θεοῦς</em></span> <span class='ocrx_word' id='word_1_196' title='bbox 1625 1934 1760 1980; x_wconf 80' lang='grc' dir='ltr'><em>πειθὼ</em></span> <span class='ocrx_word' id='word_1_197' title='bbox 1793 1935 1985 1991; x_wconf 66' lang='grc' dir='ltr'><em>μολπήν</em></span> 
     </span>
     <span class='ocr_line' id='line_1_22' title="bbox 177 2010 1988 2073; baseline 0.003 -16"><span class='ocrx_word' id='word_1_198' title='bbox 177 2028 252 2068; x_wconf 91' lang='grc' dir='ltr'><em>μοι</em></span> <span class='ocrx_word' id='word_1_199' title='bbox 281 2013 361 2057; x_wconf 67' lang='grc' dir='ltr'>καὶ</span> <span class='ocrx_word' id='word_1_200' title='bbox 393 2010 547 2065; x_wconf 70' lang='grc' dir='ltr'><em>ἀλκὴν</em></span> <span class='ocrx_word' id='word_1_201' title='bbox 576 2015 840 2060; x_wconf 80' lang='grc' dir='ltr'><em>καταπνεῖ·</em></span> <span class='ocrx_word' id='word_1_202' title='bbox 872 2011 900 2059; x_wconf 70' lang='grc' dir='ltr'>δ’</span> <span class='ocrx_word' id='word_1_203' title='bbox 930 2011 1088 2070; x_wconf 79' lang='grc' dir='ltr'><em>ἐστιν,</em></span> <span class='ocrx_word' id='word_1_204' title='bbox 1125 2012 1167 2059; x_wconf 78' lang='grc' dir='ltr'><em>εἰ</em></span> <span class='ocrx_word' id='word_1_205' title='bbox 1203 2017 1286 2060; x_wconf 72' lang='grc' dir='ltr'><em>καὶ</em></span> <span class='ocrx_word' id='word_1_206' title='bbox 1329 2015 1470 2073; x_wconf 88' lang='grc' dir='ltr'><em>γέρων</em></span> <span class='ocrx_word' id='word_1_207' title='bbox 1501 2013 1627 2072; x_wconf 82' lang='grc' dir='ltr'><em>εἶμί,</em></span> <span class='ocrx_word' id='word_1_208' title='bbox 1666 2013 1785 2073; x_wconf 68' lang='grc' dir='ltr'><em>ὅμως</em></span> <span class='ocrx_word' id='word_1_209' title='bbox 1816 2015 1988 2072; x_wconf 76' lang='grc' dir='ltr'><em>μέλψω</em></span> 
     </span>
     <span class='ocr_line' id='line_1_23' title="bbox 177 2090 1862 2153; baseline 0.002 -15"><span class='ocrx_word' id='word_1_210' title='bbox 177 2097 241 2138; x_wconf 79' lang='grc' dir='ltr'>τα</span> <span class='ocrx_word' id='word_1_211' title='bbox 268 2091 533 2151; x_wconf 86' lang='grc' dir='ltr'><em>γεγονότα·</em></span> <span class='ocrx_word' id='word_1_212' title='bbox 561 2093 759 2140; x_wconf 90' lang='grc' dir='ltr'><em>πέποιθα</em></span> <span class='ocrx_word' id='word_1_213' title='bbox 792 2095 880 2152; x_wconf 76' lang='grc' dir='ltr'>γαρ</span> <span class='ocrx_word' id='word_1_214' title='bbox 918 2090 990 2140; x_wconf 65' lang='grc' dir='ltr'>ὅτι</span> <span class='ocrx_word' id='word_1_215' title='bbox 1026 2093 1091 2149; x_wconf 78' lang='grc' dir='ltr'>εἷς</span> <span class='ocrx_word' id='word_1_216' title='bbox 1126 2096 1270 2153; x_wconf 90' lang='grc' dir='ltr'><em>πέρας</em></span> <span class='ocrx_word' id='word_1_217' title='bbox 1299 2092 1427 2141; x_wconf 71' lang='grc' dir='ltr'><em>αὐτα</em></span> <span class='ocrx_word' id='word_1_218' title='bbox 1464 2090 1654 2152; x_wconf 69' lang='grc' dir='ltr'><em>ἄξουσιν</em></span> <span class='ocrx_word' id='word_1_219' title='bbox 1682 2097 1724 2141; x_wconf 79' lang='grc' dir='ltr'>οἱ</span> <span class='ocrx_word' id='word_1_220' title='bbox 1758 2096 1862 2142; x_wconf 89' lang='grc' dir='ltr'><em>θεοί.</em></span> 
     </span>
    </p>
   </div>
   <div class='ocr_carea' id='block_1_3' title="bbox 236 2278 1983 2991">
    <p class='ocr_par' dir='ltr' id='par_1_5' title="bbox 236 2278 1983 2991">
     <span class='ocr_line' id='line_1_24' title="bbox 236 2278 1805 2344; baseline 0.004 -20"><span class='ocrx_word' id='word_1_221' title='bbox 236 2278 313 2325; x_wconf 85' lang='lat' dir='ltr'>Vs.</span> <span class='ocrx_word' id='word_1_222' title='bbox 351 2281 457 2326; x_wconf 89' lang='lat'><strong>106.</strong></span> <span class='ocrx_word' id='word_1_223' title='bbox 542 2281 658 2337; x_wconf 65' lang='grc' dir='ltr'><em>ὅπως</em></span> <span class='ocrx_word' id='word_1_224' title='bbox 689 2280 905 2342; x_wconf 77' lang='grc' dir='ltr'><em>Ἀχαιῶν</em></span> <span class='ocrx_word' id='word_1_225' title='bbox 940 2283 1128 2342; x_wconf 76' lang='grc' dir='ltr'><em>δίθρονον</em></span> <span class='ocrx_word' id='word_1_226' title='bbox 1166 2287 1375 2344; x_wconf 74' lang='grc' dir='ltr'><em>κράτος,</em></span> <span class='ocrx_word' id='word_1_227' title='bbox 1410 2283 1655 2338; x_wconf 73' lang='grc' dir='ltr'><em>Ἑλλάδος</em></span> <span class='ocrx_word' id='word_1_228' title='bbox 1685 2281 1805 2342; x_wconf 65' lang='grc' dir='ltr'><em>ἥβας</em></span> 
     </span>
     <span class='ocr_line' id='line_1_25' title="bbox 733 2363 1206 2426; baseline 0.006 -15"><span class='ocrx_word' id='word_1_229' title='bbox 733 2363 980 2425; x_wconf 74' lang='grc' dir='ltr'><em>ξύμφρονα</em></span> <span class='ocrx_word' id='word_1_230' title='bbox 1014 2370 1173 2426; x_wconf 78' lang='grc' dir='ltr'><em>ταγέιν</em></span> <span class='ocrx_word' id='word_1_231' title='bbox 1193 2406 1206 2422; x_wconf 88' lang='grc'>,</span> 
     </span>
     <span class='ocr_line' id='line_1_26' title="bbox 603 2444 1549 2508; baseline 0.001 -14"><span class='ocrx_word' id='word_1_232' title='bbox 603 2447 780 2504; x_wconf 82' lang='grc' dir='ltr'><em>πέμπει</em></span> <span class='ocrx_word' id='word_1_233' title='bbox 817 2444 904 2505; x_wconf 74' lang='grc' dir='ltr'><em>Ξῦν</em></span> <span class='ocrx_word' id='word_1_234' title='bbox 937 2447 1031 2506; x_wconf 77' lang='grc' dir='ltr'>δορῖ</span> <span class='ocrx_word' id='word_1_235' title='bbox 1063 2450 1144 2495; x_wconf 76' lang='grc' dir='ltr'><em>καὶ</em></span> <span class='ocrx_word' id='word_1_236' title='bbox 1177 2451 1286 2508; x_wconf 77' lang='grc' dir='ltr'>χερῖ</span> <span class='ocrx_word' id='word_1_237' title='bbox 1320 2453 1549 2508; x_wconf 72' lang='grc' dir='ltr'><em>πράκτορι</em></span> 
     </span>
     <span class='ocr_line' id='line_1_27' title="bbox 608 2525 1453 2587; baseline 0.002 -15"><span class='ocrx_word' id='word_1_238' title='bbox 608 2528 774 2586; x_wconf 78' lang='grc' dir='ltr'><em>θούριος</em></span> <span class='ocrx_word' id='word_1_239' title='bbox 806 2527 921 2586; x_wconf 87' lang='grc' dir='ltr'><em>’όρνις</em></span> <span class='ocrx_word' id='word_1_240' title='bbox 956 2527 1166 2587; x_wconf 81' lang='grc' dir='ltr'><em>Τευκρίδ’</em></span> <span class='ocrx_word' id='word_1_241' title='bbox 1202 2527 1278 2576; x_wconf 80' lang='grc' dir='ltr'>ἐπ’</span> <span class='ocrx_word' id='word_1_242' title='bbox 1317 2525 1453 2584; x_wconf 67' lang='grc' dir='ltr'><em>αἶαν,</em></span> 
     </span>
     <span class='ocr_line' id='line_1_28' title="bbox 328 2605 1983 2670; baseline 0.003 -17"><span class='ocrx_word' id='word_1_243' title='bbox 328 2607 480 2654; x_wconf 75' lang='grc' dir='ltr'><em>οἰωνῶν</em></span> <span class='ocrx_word' id='word_1_244' title='bbox 506 2608 736 2666; x_wconf 75' lang='grc' dir='ltr'><em>βασιλεὺς</em></span> <span class='ocrx_word' id='word_1_245' title='bbox 763 2610 1014 2666; x_wconf 77' lang='grc' dir='ltr'><em>βασιλεῦσι</em></span> <span class='ocrx_word' id='word_1_246' title='bbox 1039 2614 1162 2664; x_wconf 79' lang='grc' dir='ltr'><em>νεῶν,</em></span> <span class='ocrx_word' id='word_1_247' title='bbox 1190 2611 1209 2657; x_wconf 83' lang='grc' dir='ltr'>ὁ</span> <span class='ocrx_word' id='word_1_248' title='bbox 1234 2613 1450 2665; x_wconf 75' lang='grc' dir='ltr'><em>κελαινῦς</em></span> <span class='ocrx_word' id='word_1_249' title='bbox 1479 2610 1506 2656; x_wconf 73' lang='grc' dir='ltr'>δ’</span> <span class='ocrx_word' id='word_1_250' title='bbox 1526 2605 1574 2657; x_wconf 73' lang='grc' dir='ltr'><em>τ’</em></span> <span class='ocrx_word' id='word_1_251' title='bbox 1594 2607 1756 2670; x_wconf 72' lang='grc' dir='ltr'><em>ἐξόπιν</em></span> <span class='ocrx_word' id='word_1_252' title='bbox 1785 2610 1983 2670; x_wconf 74' lang='grc' dir='ltr'><em>ἀργίας,</em></span> 
     </span>
     <span class='ocr_line' id='line_1_29' title="bbox 537 2687 1815 2749; baseline 0.002 -14"><span class='ocrx_word' id='word_1_253' title='bbox 537 2687 768 2746; x_wconf 81' lang='grc' dir='ltr'><em>Φανέντες</em></span> <span class='ocrx_word' id='word_1_254' title='bbox 800 2690 942 2748; x_wconf 75' lang='grc' dir='ltr'><em>’ἴκταρ</em></span> <span class='ocrx_word' id='word_1_255' title='bbox 978 2690 1217 2748; x_wconf 71' lang='grc' dir='ltr'><em>μελάθρων</em></span> <span class='ocrx_word' id='word_1_256' title='bbox 1250 2693 1390 2749; x_wconf 75' lang='grc' dir='ltr'><em>χερός</em></span> <span class='ocrx_word' id='word_1_257' title='bbox 1425 2690 1479 2737; x_wconf 77' lang='grc' dir='ltr'>ἐκ</span> <span class='ocrx_word' id='word_1_258' title='bbox 1514 2690 1815 2749; x_wconf 75' lang='grc' dir='ltr'><em>δορυποίλτου</em></span> 
     </span>
     <span class='ocr_line' id='line_1_30' title="bbox 667 2768 1340 2829; baseline -0.003 -11"><span class='ocrx_word' id='word_1_259' title='bbox 667 2773 1002 2829; x_wconf 81' lang='grc' dir='ltr'><em>παμπρέπτοις</em></span> <span class='ocrx_word' id='word_1_260' title='bbox 1037 2770 1084 2818; x_wconf 79' lang='grc' dir='ltr'><em>ἐν</em></span> <span class='ocrx_word' id='word_1_261' title='bbox 1118 2768 1340 2828; x_wconf 73' lang='grc' dir='ltr'><em>ἕδραισιν,</em></span> 
     </span>
     <span class='ocr_line' id='line_1_31' title="bbox 536 2851 1804 2912; baseline 0.004 -14"><span class='ocrx_word' id='word_1_262' title='bbox 536 2851 804 2909; x_wconf 76' lang='grc' dir='ltr'><em>βοσκόμενοι</em></span> <span class='ocrx_word' id='word_1_263' title='bbox 839 2854 1042 2911; x_wconf 88' lang='grc' dir='ltr'><em>λαγίναν</em></span> <span class='ocrx_word' id='word_1_264' title='bbox 1075 2851 1325 2911; x_wconf 75' lang='grc' dir='ltr'><em>ἐρικύμονα</em></span> <span class='ocrx_word' id='word_1_265' title='bbox 1361 2851 1575 2911; x_wconf 81' lang='grc' dir='ltr'><em>Φέρματι</em></span> <span class='ocrx_word' id='word_1_266' title='bbox 1611 2855 1804 2912; x_wconf 88' lang='grc' dir='ltr'><em>γένναν,</em></span> 
     </span>
     <span class='ocr_line' id='line_1_32' title="bbox 659 2932 1377 2991; baseline 0.001 -13"><span class='ocrx_word' id='word_1_267' title='bbox 659 2932 916 2989; x_wconf 81' lang='grc' dir='ltr'><em>βλαβέντα</em></span> <span class='ocrx_word' id='word_1_268' title='bbox 950 2934 1155 2980; x_wconf 81' lang='grc' dir='ltr'><em>λοισθίων</em></span> <span class='ocrx_word' id='word_1_269' title='bbox 1189 2932 1377 2991; x_wconf 90' lang='grc' dir='ltr'><em>δρόμων.</em></span> 
     </span>
    </p>
   </div>
   <div class='ocr_carea' id='block_1_4' title="bbox 161 3101 1980 3676">
    <p class='ocr_par' dir='ltr' id='par_1_6' title="bbox 161 3101 1980 3676">
     <span class='ocr_line' id='line_1_33' title="bbox 166 3101 1979 3177; baseline 0.008 -31"><span class='ocrx_word' id='word_1_270' title='bbox 166 3101 220 3148; x_wconf 87' lang='lat' dir='ltr'>V.</span> <span class='ocrx_word' id='word_1_271' title='bbox 255 3108 410 3166; x_wconf 77' lang='grc' dir='ltr'><em>ταγίιν</em></span> <span class='ocrx_word' id='word_1_272' title='bbox 445 3103 691 3167; x_wconf 86' lang='lat' dir='ltr'>dupliciter</span> <span class='ocrx_word' id='word_1_273' title='bbox 724 3106 888 3162; x_wconf 88' lang='lat' dir='ltr'>officit,</span> <span class='ocrx_word' id='word_1_274' title='bbox 924 3111 969 3153; x_wconf 89' lang='lat' dir='ltr'>et</span> <span class='ocrx_word' id='word_1_275' title='bbox 997 3106 1124 3170; x_wconf 89' lang='lat' dir='ltr'>quod</span> <span class='ocrx_word' id='word_1_276' title='bbox 1147 3106 1344 3170; x_wconf 83' lang='lat' dir='ltr'>primam</span> <span class='ocrx_word' id='word_1_277' title='bbox 1372 3107 1511 3155; x_wconf 82' lang='lat' dir='ltr'>habet</span> <span class='ocrx_word' id='word_1_278' title='bbox 1533 3108 1741 3169; x_wconf 89' lang='lat' dir='ltr'>brevem,</span> <span class='ocrx_word' id='word_1_279' title='bbox 1777 3128 1861 3175; x_wconf 87' lang='lat' dir='ltr'>pro</span> <span class='ocrx_word' id='word_1_280' title='bbox 1887 3130 1979 3177; x_wconf 87' lang='lat' dir='ltr'>qua</span> 
     </span>
     <span class='ocr_line' id='line_1_34' title="bbox 164 3185 1980 3254; baseline 0.008 -22"><span class='ocrx_word' id='word_1_281' title='bbox 164 3185 300 3247; x_wconf 82' lang='lat' dir='ltr'>longa</span> <span class='ocrx_word' id='word_1_282' title='bbox 346 3187 620 3251; x_wconf 88' lang='lat' dir='ltr'>requiritur,</span> <span class='ocrx_word' id='word_1_283' title='bbox 673 3194 718 3236; x_wconf 90' lang='lat' dir='ltr'>et</span> <span class='ocrx_word' id='word_1_284' title='bbox 757 3191 883 3254; x_wconf 91' lang='lat' dir='ltr'>quod</span> <span class='ocrx_word' id='word_1_285' title='bbox 919 3191 979 3237; x_wconf 91' lang='lat' dir='ltr'>ad</span> <span class='ocrx_word' id='word_1_286' title='bbox 1013 3208 1200 3238; x_wconf 87' lang='lat' dir='ltr'>sensum</span> <span class='ocrx_word' id='word_1_287' title='bbox 1234 3192 1389 3238; x_wconf 89' lang='lat' dir='ltr'>minus</span> <span class='ocrx_word' id='word_1_288' title='bbox 1425 3194 1704 3242; x_wconf 87' lang='lat' dir='ltr'>conveniens</span> <span class='ocrx_word' id='word_1_289' title='bbox 1740 3202 1831 3254; x_wconf 84' lang='lat' dir='ltr'>est3</span> <span class='ocrx_word' id='word_1_290' title='bbox 1870 3215 1980 3246; x_wconf 92' lang='lat' dir='ltr'>nam</span> 
     </span>
     <span class='ocr_line' id='line_1_35' title="bbox 167 3269 1974 3344; baseline 0.009 -29"><span class='ocrx_word' id='word_1_291' title='bbox 167 3269 253 3316; x_wconf 88' lang='lat' dir='ltr'>etsi</span> <span class='ocrx_word' id='word_1_292' title='bbox 297 3278 422 3333; x_wconf 76' lang='grc' dir='ltr'><em>ταγῆ</em></span> <span class='ocrx_word' id='word_1_293' title='bbox 472 3272 565 3320; x_wconf 92' lang='lat' dir='ltr'>dici</span> <span class='ocrx_word' id='word_1_294' title='bbox 609 3277 762 3337; x_wconf 84' lang='lat' dir='ltr'>potest</span> <span class='ocrx_word' id='word_1_295' title='bbox 806 3292 888 3338; x_wconf 84' lang='lat' dir='ltr'>pro</span> <span class='ocrx_word' id='word_1_296' title='bbox 926 3280 1074 3338; x_wconf 84' lang='grc' dir='ltr'><em>ταγοί</em></span> <span class='ocrx_word' id='word_1_297' title='bbox 1106 3279 1159 3322; x_wconf 84' lang='lat' dir='ltr'>ut</span> <span class='ocrx_word' id='word_1_298' title='bbox 1194 3277 1320 3338; x_wconf 70' lang='grc' dir='ltr'><em>ἀρχῆ</em></span> <span class='ocrx_word' id='word_1_299' title='bbox 1355 3293 1440 3339; x_wconf 87' lang='lat' dir='ltr'>pro</span> <span class='ocrx_word' id='word_1_300' title='bbox 1474 3279 1649 3344; x_wconf 66' lang='grc' dir='ltr'><em>ἀρχαί,</em></span> <span class='ocrx_word' id='word_1_301' title='bbox 1685 3280 1762 3327; x_wconf 91' lang='lat' dir='ltr'>hic</span> <span class='ocrx_word' id='word_1_302' title='bbox 1795 3286 1974 3340; x_wconf 86' lang='lat' dir='ltr'>tamen,</span> 
     </span>
     <span class='ocr_line' id='line_1_36' title="bbox 163 3357 1980 3430; baseline 0.009 -32"><span class='ocrx_word' id='word_1_303' title='bbox 163 3368 426 3415; x_wconf 84' lang='lat' dir='ltr'>praegresso</span> <span class='ocrx_word' id='word_1_304' title='bbox 457 3357 596 3404; x_wconf 87' lang='lat' dir='ltr'>verbo</span> <span class='ocrx_word' id='word_1_305' title='bbox 629 3359 823 3420; x_wconf 86' lang='lat' dir='ltr'>figurato</span> <span class='ocrx_word' id='word_1_306' title='bbox 859 3361 1050 3419; x_wconf 85' lang='grc' dir='ltr'><em>δίθρονον</em></span> <span class='ocrx_word' id='word_1_307' title='bbox 1083 3364 1286 3419; x_wconf 73' lang='grc' dir='ltr'><em>κράτος,</em></span> <span class='ocrx_word' id='word_1_308' title='bbox 1323 3359 1434 3407; x_wconf 90' lang='lat' dir='ltr'>addi</span> <span class='ocrx_word' id='word_1_309' title='bbox 1466 3362 1621 3425; x_wconf 89' lang='lat' dir='ltr'>potius</span> <span class='ocrx_word' id='word_1_310' title='bbox 1646 3365 1853 3428; x_wconf 87' lang='lat' dir='ltr'>oportuit</span> <span class='ocrx_word' id='word_1_311' title='bbox 1875 3383 1980 3430; x_wconf 89' lang='lat' dir='ltr'>pro-</span> 
     </span>
     <span class='ocr_line' id='line_1_37' title="bbox 163 3436 1979 3510; baseline 0.01 -28"><span class='ocrx_word' id='word_1_312' title='bbox 163 3436 330 3499; x_wconf 86' lang='lat' dir='ltr'>prium.</span> <span class='ocrx_word' id='word_1_313' title='bbox 350 3438 666 3489; x_wconf 85' lang='lat' dir='ltr'>Blomfieldius</span> <span class='ocrx_word' id='word_1_314' title='bbox 689 3443 872 3506; x_wconf 83' lang='lat' dir='ltr'>scripsit</span> <span class='ocrx_word' id='word_1_315' title='bbox 897 3448 1062 3506; x_wconf 72' lang='grc' dir='ltr'><em>ταγόν,</em></span> <span class='ocrx_word' id='word_1_316' title='bbox 1083 3444 1212 3508; x_wconf 84' lang='lat' dir='ltr'>quod</span> <span class='ocrx_word' id='word_1_317' title='bbox 1237 3448 1306 3492; x_wconf 81' lang='lat' dir='ltr'>est</span> <span class='ocrx_word' id='word_1_318' title='bbox 1323 3444 1472 3508; x_wconf 83' lang='lat' dir='ltr'>prima</span> <span class='ocrx_word' id='word_1_319' title='bbox 1494 3447 1653 3510; x_wconf 84' lang='lat' dir='ltr'>longa3</span> <span class='ocrx_word' id='word_1_320' title='bbox 1677 3449 1979 3497; x_wconf 84' lang='lat' dir='ltr'>Hermannus</span> 
     </span>
     <span class='ocr_line' id='line_1_38' title="bbox 162 3526 1974 3596; baseline 0.009 -30"><span class='ocrx_word' id='word_1_321' title='bbox 162 3536 270 3567; x_wconf 90' lang='lat' dir='ltr'>vero</span> <span class='ocrx_word' id='word_1_322' title='bbox 313 3526 486 3570; x_wconf 84' lang='lat' dir='ltr'>mutato</span> <span class='ocrx_word' id='word_1_323' title='bbox 529 3528 708 3573; x_wconf 87' lang='lat' dir='ltr'>tantum</span> <span class='ocrx_word' id='word_1_324' title='bbox 749 3532 941 3574; x_wconf 85' lang='lat' dir='ltr'>accentu</span> <span class='ocrx_word' id='word_1_325' title='bbox 981 3526 1162 3589; x_wconf 66' lang='grc' dir='ltr'><em>τᾶγαν,</em></span> <span class='ocrx_word' id='word_1_326' title='bbox 1200 3527 1393 3576; x_wconf 80' lang='lat' dir='ltr'>ductum</span> <span class='ocrx_word' id='word_1_327' title='bbox 1428 3547 1454 3576; x_wconf 87' lang='lat' dir='ltr'>a</span> <span class='ocrx_word' id='word_1_328' title='bbox 1489 3530 1645 3594; x_wconf 71' lang='grc' dir='ltr'><em>τάγης</em></span> <span class='ocrx_word' id='word_1_329' title='bbox 1680 3550 1764 3596; x_wconf 83' lang='lat' dir='ltr'>pro</span> <span class='ocrx_word' id='word_1_330' title='bbox 1796 3536 1974 3596; x_wconf 88' lang='grc' dir='ltr'><em>ταγός,</em></span> 
     </span>
     <span class='ocr_line' id='line_1_39' title="bbox 161 3606 1974 3676; baseline 0.008 -25"><span class='ocrx_word' id='word_1_331' title='bbox 161 3621 299 3668; x_wconf 88' lang='lat' dir='ltr'>quam</span> <span class='ocrx_word' id='word_1_332' title='bbox 342 3606 540 3668; x_wconf 82' lang='lat' dir='ltr'>glossam</span> <span class='ocrx_word' id='word_1_333' title='bbox 581 3611 798 3668; x_wconf 86' lang='lat' dir='ltr'>servavit,</span> <span class='ocrx_word' id='word_1_334' title='bbox 843 3616 896 3658; x_wconf 90' lang='lat' dir='ltr'>ut</span> <span class='ocrx_word' id='word_1_335' title='bbox 929 3611 1137 3669; x_wconf 85' lang='lat' dir='ltr'>videtur,</span> <span class='ocrx_word' id='word_1_336' title='bbox 1172 3611 1457 3676; x_wconf 88' lang='lat' dir='ltr'>Hesychius:</span> <span class='ocrx_word' id='word_1_337' title='bbox 1495 3621 1660 3674; x_wconf 70' lang='grc' dir='ltr'><em>ταίης,</em></span> <span class='ocrx_word' id='word_1_338' title='bbox 1699 3618 1974 3674; x_wconf 64' lang='grc' dir='ltr'><em>διοικητὴς,</em></span> 
     </span>
    </p>
   </div>
   <div class='ocr_carea' id='block_1_5' title="bbox 240 3716 251 3739">
    <p class='ocr_par' dir='ltr' id='par_1_7' title="bbox 240 3716 251 3739">
     <span class='ocr_line' id='line_1_40' title="bbox 240 3716 251 3739; baseline 0 0"><span class='ocrx_word' id='word_1_339' title='bbox 240 3716 251 3739; x_wconf 70' lang='grc' dir='ltr'><strong><em>Ρ</em></strong></span> 
     </span>
    </p>
   </div>
  </div>
 </body>
</html>
