2340 3958
293 219 394 268 108

1017 224 1363 271 ΑΙΣΧΥΛΟΥ

656 381 847 447 πατέρα
890 380 1106 442 Θυέστην
1145 381 1225 434 τὸν
1262 383 1403 445 ἐμὸν,
1442 384 1505 457 ὡς
1541 388 1681 449 τορῶς
1719 383 1933 452 φροέσαι,

652 491 798 543 αὑτοῦ
836 488 881 542 τ’
919 489 1159 558 ἀδελφὸν,
1197 491 1506 560 ἀμφίλεκτος
1543 492 1602 546 ὢν
1639 492 1802 559 κρατει
1820 537 1834 557 ,

1987 513 2091 554 1585

651 598 998 665 ἠνδρηλάτησεν
1035 600 1088 652 ἐκ
1127 599 1311 660 πόλεώς
1348 622 1404 654 τε
1441 601 1524 654 καὶ
1563 601 1727 666 δόμων.

287 713 423 763 1465

649 709 731 762 καὶ
772 709 1106 776 προςτρόπαιος
1145 710 1311 771 ἑστίας
1350 713 1508 776 μολὼν
1545 713 1704 767 πάλιν

648 819 845 882 τλήμων
883 818 1099 880 Θυέστης
1139 825 1308 886 μοῖραν
1347 819 1494 887 εὕρετ’
1531 824 1745 889 ἀσφαλῆ
1760 868 1775 886 ,

647 928 702 982 τὸ
739 929 809 992 μὴ
849 929 993 981 θανὼν
1031 930 1248 996 πατρῷον
1291 929 1506 995 αἱμάξαι
1544 931 1710 985 πέδον·

645 1036 885 1101 οέντιὲένια
923 1038 970 1091 δὲ
1008 1039 1143 1092 τοῦδε
1181 1039 1361 1099 δύςθεος
1401 1042 1562 1108 πατὴρ

1983 1062 2090 1102 1590

645 1146 843 1214 Ἀτρεὺς
880 1148 1124 1214 προθύμως
1163 1151 1357 1212 μᾶλλον
1394 1150 1422 1212 ἢ
1461 1151 1619 1219 φίλως
1659 1152 1806 1217 πατρὶ

281 1260 420 1310 1470

644 1259 816 1325 τώμῷ,
859 1259 1103 1326 κρεουργὸν
1142 1258 1271 1328 ἦμαρ
1309 1261 1521 1326 εὐθύμως
1561 1261 1702 1327 ἄγειν

648 1369 786 1422 δοκῶν
801 1412 815 1432 ,
856 1369 1080 1436 παρέσχε
1119 1370 1268 1424 δαῖτα
1305 1371 1527 1429 παιδείων
1562 1375 1718 1438 κρεῶν.

649 1478 716 1530 τοὶ
752 1478 842 1543 μὲν
879 1477 1051 1546 ποδήρη
1090 1477 1176 1532 καὶ
1214 1484 1367 1547 χερῶν
1404 1479 1572 1548 ἄκρους
1609 1481 1781 1542 κτένας

645 1585 851 1652 ἔθρυπτ’,
890 1587 1080 1641 ἄνευθεν
1116 1589 1358 1655 ἀνδρακὰς
1395 1591 1687 1657 καθήμενος,

1983 1611 2087 1652 1595

647 1697 829 1764 ἄσημ’·
868 1701 891 1753 ὂ
929 1698 968 1753 δ’
1009 1701 1167 1754 αὐτῶν
1207 1701 1364 1755 αὐτίκ’
1401 1702 1574 1771 ἀγνοίᾳ
1610 1702 1779 1767 λαβὼν

285 1810 423 1861 1475

649 1807 768 1862 ἔσθει
806 1809 954 1876 βοροὶν
990 1807 1175 1864 ἄσωτον
1214 1810 1388 1878 ὑστέρῳ
1425 1811 1568 1875 γένει.

647 1916 841 1971 κᾶπειτ’
878 1919 1100 1983 ἐπιγνοὺς
1137 1919 1272 1987 ἔργον
1308 1923 1360 1974 οὐ
1397 1921 1646 1975 καταίσιον

653 2027 875 2095 ᾤμωξεν,
915 2029 1162 2093 οέμπίπτει
1195 2029 1234 2083 δ’
1271 2030 1370 2084 ἀπὸ
1408 2032 1613 2098 σφαγὴν
1650 2033 1781 2098 ἐρῶν,

645 2138 784 2204 μόρον
816 2139 856 2191 δ’
893 2138 1100 2209 ἄφερτον
1137 2139 1430 2199 Πελοπίδαις
1468 2140 1769 2206 ἐπεύχεται,

1980 2161 2086 2201 1600

644 2250 903 2315 λάκτισμα
940 2250 1123 2306 δείπνου
1161 2251 1368 2315 ξύνδικον
1405 2251 1545 2312 τιθεὶς
1583 2252 1708 2321 οέρᾷ,

277 2436 324 2474 V.
359 2437 477 2479 1467.
507 2438 572 2478 68.
602 2441 767 2491 αἱμάξαι
793 2440 904 2481 πέδον
931 2441 1055 2481 αὐτοῦ.
1087 2442 1187 2487 ξένια
1216 2441 1255 2481 δὲ
1284 2441 1399 2493 (ξενίᾳ
1429 2440 1469 2480 δὲ
1496 2438 1648 2487 Fam).
1705 2438 1826 2482 1473.
1842 2438 1913 2483 74.
1930 2437 2087 2494 ἔθρυπτ’

329 2513 466 2551 ἄνωθεν
495 2541 506 2552 .
524 2539 534 2551 .
554 2542 563 2553 .

330 2585 436 2637 ἐρῶν.
495 2581 615 2625 1479.
646 2583 813 2629 συνδίκοις
839 2586 955 2629 τιθεῖς
981 2589 1076 2640 ἀρᾷ.

281 2723 346 2764 bos
374 2725 512 2765 fratres
539 2725 586 2765 de
611 2738 752 2778 regno;
796 2725 956 2767 alteram
983 2739 1142 2780 eamque

280 2791 543 2844 gravissimam
591 2793 755 2840 omittit,
812 2794 1001 2847 Thyestae
1054 2808 1143 2836 cum

281 2859 412 2899 fratris
440 2873 557 2900 uxore
587 2860 830 2901 adulterium.

341 2928 459 2970 1472.
502 2932 553 2969 τὰ
599 2932 670 2982 μὲν
709 2931 855 2986 ποδήρη
900 2933 962 2972 καὶ
1004 2939 1139 2987 χερῶν.

283 2995 428 3051 ποδήρη
466 2995 546 3035 scil.
575 2999 672 3049 μέλη
713 3010 745 3036 s.
775 3002 905 3054 ἄρθρα
931 2998 1144 3051 significant

284 3063 448 3101 maxime
474 3063 615 3115 pedum
647 3067 834 3105 extremas
862 3069 1010 3118 partes3
1056 3072 1145 3108 κτέ-

288 3146 350 3175 νας
393 3129 607 3180 Hesychius
644 3131 919 3185 interpretatur
956 3136 1041 3181 τοὺς
1075 3143 1146 3175 τῶν

288 3205 425 3252 χειρῶν
444 3200 608 3254 καρποὺς
623 3203 685 3241 καὶ
699 3209 769 3242 τῶν
781 3202 913 3243 ποδῶν.
924 3225 977 3232 -
990 3201 1142 3258 ἔθρυπτ’

289 3268 426 3317 ἄσημα
437 3297 449 3317 ,
473 3267 698 3309 comminuit
709 3268 769 3307 ila
785 3273 828 3308 ut
842 3273 969 3309 essent
983 3274 1141 3323 ἄσημα,

289 3335 331 3370 ut
357 3331 525 3384 dignosci
542 3347 619 3373 non
634 3337 800 3387 possent.
815 3358 869 3365 —
895 3335 1145 3379 κᾶπειτ’ἐπι-

289 3400 389 3450 γνοὺς
406 3402 483 3441 κτὲ.
508 3401 705 3452 Quomodo
722 3415 888 3443 comesos
904 3410 1012 3444 natos
1025 3418 1142 3458 agno-

291 3467 389 3506 verit
429 3471 556 3519 pater,
601 3469 639 3508 id
679 3472 722 3508 ut
762 3483 845 3510 rem
886 3471 1145 3511 secundariam

291 3546 447 3585 eamque
508 3535 679 3586 conjectu
732 3537 880 3576 facilem
934 3551 1146 3579 memorare

291 3602 454 3643 omittit:
498 3606 584 3656 post
623 3603 736 3657 dapes
774 3618 910 3658 nempe
936 3608 1144 3647 monstrata

597 2515 734 2564 ἄσημα
763 2511 794 2552 δ’
825 2514 959 2554 αὐτῶν.
1020 2513 1141 2556 1475.
1172 2517 1318 2554 ἄσωτον
1345 2515 1394 2560 ὡς
1422 2514 1516 2568 ὁρᾷς
1542 2517 1679 2565 γένεα(
1705 2511 1827 2555 1477.
1855 2515 1933 2553 ἀπὸ
1946 2518 2089 2567 σφαγῆς

1223 2729 1312 2767 sunt
1341 2727 1375 2767 ei
1401 2725 1562 2767 abscissa
1598 2725 1796 2767 barbarico
1824 2739 1932 2767 more
1958 2727 2084 2767 infan-

1221 2794 1320 2834 tium
1348 2794 1486 2847 capita.
1529 2795 1579 2834 cf.
1610 2795 1827 2833 Comment.

1279 2862 1399 2906 1473.
1442 2866 1589 2904 ἄνευθεν
1628 2862 1816 2911 ἀνδρακὰς
1866 2865 2086 2915 καθήμενος.

1222 2930 1409 2987 ἀνδρακὰς
1420 2961 1435 2980 ,
1464 2927 1548 2972 κατ’
1568 2930 1689 2985 ἄνδρα
1704 2962 1716 2982 ,
1746 2933 1887 2985 χωρίς,
1915 2930 2086 2981 viritim,

1222 2998 1476 3050 sinyulatim:
1532 2996 1756 3037 vocabulum
1808 2996 1956 3045 rarius,
2012 3011 2088 3049 quo

1223 3068 1375 3119 praeter
1402 3065 1618 3105 Homerum
1647 3063 1761 3103 etiam
1790 3064 1971 3103 Cratinus
1998 3077 2087 3104 usus

1224 3135 1281 3172 cst
1292 3153 1304 3180 3
1342 3146 1364 3172 a
1391 3131 1585 3172 nonnullis
1618 3133 1792 3170 veterum
1821 3132 2091 3183 grammatico-

1225 3212 1312 3240 rum
1352 3212 1554 3253 perperam
1593 3211 1663 3252 pro
1705 3197 1939 3238 substantivo
1977 3198 2086 3239 habi-

1223 3269 1308 3307 tum
1333 3269 1411 3315 est,
1441 3267 1538 3307 sicut
1563 3267 1723 3318 usurpat
1750 3265 1945 3306 Nicander
1970 3267 2086 3307 Ther.

1226 3335 1319 3374 642.
1350 3334 1438 3374 Vid.
1454 3334 1625 3385 Hesych.
1641 3333 1747 3374 Snid.
1776 3333 1840 3373 alii
1854 3365 1865 3381 ,
1888 3347 1981 3386 quos
1996 3335 2089 3374 citat

1224 3402 1368 3442 Blomf.
1421 3402 1575 3454 Spectat
1601 3403 1729 3440 autem
1754 3401 1928 3440 heroicae
1954 3402 2088 3441 aetatis

1224 3483 1394 3517 morem,
1439 3481 1558 3520 quum
1596 3481 1707 3521 saepe
1734 3468 1903 3509 convivis
1929 3469 2088 3522 singulis

1226 3536 1395 3589 singulae
1421 3548 1573 3575 mensae
1599 3534 1740 3588 apponi
1766 3534 1951 3576 solebant.

1280 3604 1398 3647 1479.
1438 3605 1629 3656 λάκτισμα
1657 3604 1800 3647 δείπνου
1828 3605 1905 3645 κτὲ.
1959 3603 2089 3655 Junge
