2340 3990
1014 157 1387 208 PRAEFATIO.
1533 163 1535 166 “
2026 165 2100 198 vn

297 310 427 359 Nihil
461 309 574 375 dixis
595 307 652 356 de
687 306 891 355 oratione
927 308 972 352 et
1005 305 1262 366 μελοποιίᾳ
1281 339 1295 362 ,
1326 316 1443 366 quae
1486 298 1728 346 verborum
1763 295 1963 351 delectu,
1998 294 2110 340 ima-

298 408 458 471 ginum
499 411 546 455 et
587 407 836 470 figurarum
876 402 1076 460 lumine,
1116 415 1415 449 numerorum
1447 396 1667 446 varietate
1705 396 1751 441 et
1784 392 2009 440 suavitate
2043 390 2108 437 ita

299 506 550 563 excellunt,
585 509 639 552 ut
671 502 788 551 nihil
819 501 967 566 possit
1002 516 1100 547 esse
1135 497 1354 546 ornatius

367 603 486 651 Sunt
526 605 681 649 tamen
716 598 967 664 quaedam,
1014 596 1053 644 si
1089 595 1245 643 drama
1278 595 1366 641 hoc
1402 592 1460 640 ad
1493 591 1603 638 artis
1637 589 1820 652 regulas
1856 592 1902 635 et
1935 586 1996 635 ad
2030 588 2110 635 So-

299 700 541 765 phocleam
583 687 792 746 normam
837 695 1018 757 exigas,
1066 708 1184 757 quae
1219 691 1259 739 si
1292 707 1387 738 non
1430 688 1606 752 ingenii
1642 688 1850 752 culpam,
1885 689 1933 733 at
1967 688 2112 732 artem

300 797 614 862 imperfectam
663 794 737 842 vel
786 792 976 840 nimiam
1027 790 1258 838 luxuriem
1309 787 1521 852 prodant.
1595 785 1668 834 Ne
1716 784 1891 842 dicam,
1926 787 2111 848 poetam

303 893 536 942 interdum
570 891 715 956 tropis
751 894 796 938 et
829 888 1110 952 imaginibus
1145 887 1214 934 uti
1249 885 1598 942 audacioribus,
1627 876 1879 932 ¹verborum
1913 883 2113 931 ambitus

301 993 450 1039 facere
485 989 678 1038 subinde
713 987 969 1050 longiores,
1015 985 1309 1034 transitiones
1346 984 1626 1048 asperiores3
1660 983 1775 1030 haec
1812 986 1857 1029 et
1891 982 1980 1029 alia
2014 980 2114 1044 ejus

303 1089 482 1153 generis
533 1091 586 1135 ut
633 1086 867 1143 omittam,
911 1085 1008 1147 jam
1057 1087 1235 1131 veteres
1270 1081 1477 1145 magistri
1519 1079 1966 1137 animadverterunt,
2011 1078 2117 1126 uni-

303 1191 446 1235 tatem
495 1202 634 1251 quam
671 1188 846 1239 ,vocant
894 1181 1116 1246 temporis
1166 1181 1217 1228 in
1267 1181 1354 1228 hac
1395 1179 1551 1227 fabula
1584 1194 1679 1226 non
1715 1177 1915 1235 servari,
1970 1193 2116 1242 quum

305 1301 399 1332 uno
437 1283 510 1331 die
557 1283 607 1330 in
653 1298 789 1330 scena
836 1284 1031 1343 agantur
1064 1295 1182 1344 quae
1215 1295 1311 1327 non
1344 1277 1435 1325 nisi
1467 1276 1675 1339 longiore
1709 1276 1930 1340 temporis
1966 1275 2114 1340 spatio

305 1383 424 1430 facta
459 1399 558 1430 esse
591 1383 844 1446 potuerunt
854 1400 866 1437 3
901 1378 1178 1426 recentiores
1213 1393 1321 1425 vero
1354 1375 1597 1441 requirunt
1629 1375 1737 1438 plus
1772 1373 1986 1431 actionis,
2024 1389 2120 1421 ma-

303 1481 452 1543 jorem
496 1479 784 1535 varietatem,
830 1475 1135 1525 incitatiorem
1174 1479 1374 1532 motum,
1411 1478 1568 1522 contra
1601 1472 1828 1521 minorem
1862 1471 2118 1520 carminum

310 1577 595 1626 choricorum
643 1574 1003 1637 longitudinem,
1050 1589 1283 1621 sermones
1323 1589 1375 1620 ac
1410 1572 1740 1636 descriptiones
1776 1570 2117 1619 contractiores.

309 1676 450 1724 Esto:
502 1674 595 1721 sint
632 1673 683 1720 in
716 1673 803 1720 hoc
837 1676 1046 1736 poemate
1081 1671 1271 1736 quidam
1304 1671 1432 1719 velut
1465 1671 1664 1718 formoso
1698 1669 1748 1717 in
1784 1686 1974 1733 corpore
2008 1685 2117 1717 nae-

310 1774 375 1831 vi;
413 1771 703 1828 concedatur,
739 1787 837 1818 esse
871 1769 990 1817 illud
1017 1770 1307 1834 aliquatenus
1340 1769 1508 1833 lyricae
1542 1768 1673 1833 poesi
1708 1771 1754 1816 et
1788 1768 1944 1832 epicae
1968 1784 2116 1832 aeque

312 1875 449 1936 atque
509 1869 784 1917 dramaticae
840 1867 1072 1916 vicinum:
1134 1867 1240 1916 vide
1291 1870 1447 1915 tamen
1502 1883 1561 1915 ne
1611 1883 1775 1931 parum
1825 1870 2003 1914 rectum
2059 1866 2119 1913 sit

310 1972 517 2034 poetam,
575 1967 723 2032 qualis
781 1971 850 2014 est
889 1966 1165 2030 AeschyluS,
1218 1966 1367 2013 aliena
1413 1965 1568 2029 potius
1618 1982 1758 2030 quam
1811 1981 1894 2012 sua
1944 1964 2120 2012 trutina

311 2065 576 2114 examinari.
643 2066 704 2112 Et
737 2064 841 2130 quis
874 2069 1040 2129 poema
1073 2063 1410 2128 reprehendere
1446 2063 1638 2122 audeat,
1685 2062 1812 2128 quod
1857 2080 1940 2127 per
1975 2062 2121 2110 conti-

310 2179 427 2211 nuas
462 2167 555 2211 tres
588 2163 788 2220 fabulas,
832 2166 1054 2227 tanquam
1097 2162 1291 2210 totidem
1325 2167 1454 2210 actus
1488 2162 1627 2210 unius
1663 2161 1907 2218 dramatis,
1941 2160 2120 2223 magni-

309 2261 470 2310 tudine
520 2278 699 2319 rerum,
750 2260 996 2308 altitudine
1047 2262 1316 2318 affectuum,
1370 2260 1615 2324 splendore
1665 2260 2029 2324 descriptionum
2077 2262 2124 2306 et

311 2359 580 2416 formarum,
616 2359 946 2422 cogitationum
980 2358 1403 2424 sententiarumque
1438 2359 1667 2416 ubertate,
1704 2362 1896 2406 eventus
1921 2357 2122 2422 denique

315 2456 677 2521 exspectatione,
727 2457 792 2504 ita
847 2455 907 2503 ad
955 2458 1095 2504 finem
1145 2474 1293 2522 usque
1345 2460 1544 2504 attentos
1597 2460 1642 2503 et
1694 2472 1943 2520 suspensos
1994 2458 2124 2503 tenet

314 2549 614 2618 spectatoreS‚
648 2558 701 2602 ut
733 2571 829 2602 non
861 2554 992 2619 prius
1027 2554 1266 2603 discedant
1300 2571 1439 2619 quam
1474 2556 1601 2602 actor
1631 2557 1717 2602 Vos
1730 2555 1937 2617 plaudite
1971 2553 2124 2601 dicat?

313 2652 403 2700 His
452 2652 699 2701 virtutibus
747 2653 922 2700 factum
971 2656 1025 2700 ut
1076 2670 1133 2700 ex
1173 2656 1243 2701 tot
1274 2653 1617 2716 tragoediarum
1649 2652 1845 2716 trilogiis
1879 2652 1994 2700 haec
2028 2668 2125 2699 una

314 2750 568 2814 legentium
619 2750 785 2798 studiis
834 2750 1034 2799 maxime
1084 2750 1193 2799 trita
1232 2756 1278 2799 et
1318 2751 1416 2799 sola
1450 2768 1475 2799 6
1511 2751 1746 2800 communi
1778 2749 2020 2813 naufragio
2055 2749 2127 2797 in·

317 2848 509 2897 columis
544 2852 721 2897 servata
754 2848 826 2897 sit.

381 2947 555 2995 Verum
577 2963 669 3012 quo
692 2947 836 3010 major
858 2951 927 2995 est
948 2946 1086 3009 hujus
1110 2947 1262 3012 operis
1286 2947 1585 3012 praestantia,
1606 2964 1661 2996 eo
1682 2947 1829 3011 magis
1848 2946 2126 3004 dolendum,

319 3045 443 3110 quod
491 3045 555 3092 ita
604 3045 899 3110 inquinatum
950 3050 996 3094 et
1040 3050 1309 3110 corruptum
1355 3046 1415 3093 ad
1460 3063 1546 3094 nos
1589 3046 1823 3111 pervenit,
1858 3050 1912 3093 ut
1944 3045 2127 3093 nullum

321 3142 479 3206 magis.
546 3143 715 3202 Liber,
767 3143 887 3191 sicut
935 3144 985 3192 in
1031 3144 1268 3192 codicibus
1312 3144 1504 3208 legitur,
1556 3144 1804 3209 persimilis
1841 3148 1910 3191 est
1942 3143 2128 3191 tabulae

321 3240 491 3304 pictae,
531 3257 649 3306 quae
686 3242 854 3306 partim
887 3246 1116 3291 vetustate
1152 3243 1330 3300 attrita,
1364 3242 1533 3306 partim
1556 3242 1773 3307 opificum
1796 3243 1870 3290 vel
1891 3242 2130 3306 negligen-

321 3338 386 3385 tia
417 3340 490 3386 vel
521 3340 641 3387 mala
674 3340 918 3388 sedulitate
954 3341 1266 3389 contaminata
1301 3345 1346 3388 et
1367 3341 1644 3405 interpolata
1669 3344 1738 3388 est
1759 3340 1847 3398 ita,
1872 3345 1925 3388 ut
1948 3340 2128 3388 sincera

322 3434 574 3498 imaginum
607 3438 871 3502 pulcritudo
906 3443 951 3486 et
986 3439 1161 3503 species
1193 3440 1330 3503 plane
1367 3439 1707 3498 deformentur,
1741 3439 1980 3487 nonnullis
2015 3456 2125 3487 vero

326 3532 376 3580 in
425 3535 631 3598 partibus
680 3537 862 3584 artificis
906 3554 1098 3586 manum
1130 3538 1209 3586 vix
1247 3554 1492 3601 agnoscas:
1528 3539 1594 3587 ita
1627 3540 1949 3602 Agamemnon
1982 3543 2130 3587 scatet

325 3631 476 3682 lituris
525 3636 571 3683 et
617 3635 831 3694 maOUJJ'S,
872 3635 1041 3702 quibus
1091 3653 1197 3686 cum
1244 3637 1387 3687 totius
1437 3637 1663 3705 poematis
1713 3638 1836 3689 nitor
1887 3641 1933 3686 et
1984 3637 2131 3704 gratia
2190 3666 2194 3674 ι
