2340 3990
983 196 1352 245 PRAEFATIO.
2022 209 2078 244 xl

272 337 439 402 aliique
491 337 588 399 ejus
628 336 809 400 generis
850 337 965 384 tales
1006 341 1135 395 sunt,
1186 341 1240 386 ut
1281 337 1533 394 sententia,
1570 337 1739 394 colore,
1780 335 1987 384 numeris
2022 336 2078 383 ab

269 439 443 483 attento
476 435 646 484 lectore
681 434 814 482 facile
847 450 874 481 a
908 435 1137 497 germanis
1171 434 1503 483 discernantur.

337 533 527 596 Singula
569 533 682 581 haec
729 549 846 597 quae
883 531 981 579 dixi
1013 531 1230 579 vitiorum
1266 548 1434 595 genera
1464 531 1603 579 latius
1632 534 1793 595 patent
1825 546 1964 596 quam
2000 529 2082 578 ad-

270 631 362 678 huc
396 630 764 679 animadversum
803 633 896 686 est3
932 645 1073 694 quare
1116 645 1212 676 non
1245 645 1384 693 parca
1423 629 1583 677 relicta
1618 632 1687 676 est
1727 644 1933 676 errorum
1964 644 2083 676 mes-

272 727 356 786 sis,
407 744 525 793 quae
574 725 821 775 resecanda
871 730 916 774 et
967 726 1207 775 eveHenda
1259 730 1348 784 est,
1401 730 1454 774 ut
1507 725 1731 791 pristinus
1762 730 1925 790 poetae
1958 726 2084 774 nitor

270 824 504 873 reddatur.
570 823 647 871 Ad
689 824 777 872 hoc
816 827 992 882 autem,
1025 828 1079 871 ut
1108 823 1225 881 dixi,
1260 840 1425 888 parum
1460 824 1667 888 suppetit
1698 824 1921 872 librorum
1955 823 2084 872 auxi-

271 923 405 980 lium3
457 921 508 970 in
569 921 922 986 corruptissimis
971 921 1241 986 praesertim
1286 925 1331 969 et
1381 920 1717 969 obscurissimis
1762 921 1874 969 locis
1907 921 1957 968 hi
1989 921 2086 985 ple-

270 1035 467 1084 rumque
517 1019 582 1067 ita
620 1019 694 1068 vel
734 1018 984 1067 concinunt
1019 1018 1140 1067 inter
1174 1036 1222 1067 se
1256 1019 1330 1067 vel
1372 1018 1654 1083 discrepant,
1689 1022 1742 1066 ut
1774 1035 1939 1083 parum
1973 1017 2084 1066 inde

272 1116 389 1165 lucri
422 1116 483 1164 ad
516 1121 679 1182 poeitae
714 1133 904 1165 manum
936 1116 1271 1164 restituendam
1307 1120 1522 1179 emergat.
1572 1117 1674 1165 Nec
1705 1115 1886 1164 Scholia
1907 1119 2082 1175 vetera,

275 1214 333 1262 ad
364 1214 761 1278 Agamemnonem
790 1219 934 1273 certe,
969 1214 1247 1280 quidquam,
1273 1231 1348 1263 me
1367 1214 1551 1277 judice,
1572 1215 1771 1263 afferunt
1793 1213 1920 1279 quod
1948 1214 2087 1262 alicu-

269 1312 347 1375 jus
385 1313 522 1378 pretii
555 1313 615 1361 sit
648 1313 729 1377 (*).

340 1410 478 1459 Unde
526 1411 669 1474 igitur
714 1411 938 1459 auxilium
968 1410 1259 1475 petendum?
1325 1410 1418 1458 Ubi
1459 1409 1566 1459 libri
1604 1410 1846 1468 deficiunt,
1883 1409 2089 1472 confugi-

279 1508 450 1557 endum
500 1508 561 1556 ad
610 1509 869 1571 ingenium,
924 1512 969 1555 et
1013 1508 1272 1570 conjectura
1316 1507 1658 1556 resarciendum
1699 1507 1826 1573 quod
1861 1507 2086 1573 scriptura

276 1606 410 1655 nobis
453 1606 649 1669 negavit.
700 1607 830 1654 Haec
869 1606 986 1653 ratio
1032 1606 1070 1653 si
1116 1623 1267 1671 neque
1307 1606 1372 1653 ita
1406 1610 1528 1654 certa
1564 1610 1609 1654 et
1642 1607 1771 1653 firma
1805 1609 1896 1663 est,
1928 1609 1982 1653 ut
2017 1622 2090 1654 co-

281 1703 435 1752 dicum
491 1703 811 1751 auctoritatem
857 1704 1143 1768 aequiparet,
1180 1708 1227 1751 at
1253 1721 1405 1768 neque
1439 1704 1504 1751 ita
1539 1708 1609 1752 est
1635 1704 1812 1751 incerta
1845 1708 1891 1751 et
1921 1702 2086 1760 dubia,

278 1809 332 1852 ut
375 1804 652 1853 vocabulum
702 1804 855 1869 ipsum
898 1803 1102 1852 indicare
1136 1804 1330 1853 videtur.
1399 1805 1548 1852 Immo
1587 1805 1626 1852 si
1662 1804 1766 1869 quis
1806 1808 1859 1852 ut
1882 1804 2088 1869 prudens

278 1901 507 1960 medicus,
552 1901 746 1965 cognitis
783 1902 999 1950 vitiorum
1039 1902 1191 1950 causis
1230 1907 1566 1968 perspectoque
1602 1902 1837 1967 scriptoris
1871 1902 2088 1965 ingenio,

281 2001 431 2049 colore
453 2039 466 2059 ,
508 1999 670 2048 habitu
688 2038 700 2058 ‚
743 2000 905 2064 procul
939 2017 966 2047 a
999 1999 1160 2047 timida
1196 2001 1486 2049 cunctatione
1523 2017 1670 2066 aeque
1713 2004 1850 2066 atque
1891 2016 1919 2048 a
1950 2004 2092 2048 teme-

277 2098 397 2146 raria
421 2097 733 2156 festinatione,
768 2114 955 2162 operam
988 2097 1226 2156 adhibeat,
1261 2099 1535 2164 plerumque
1572 2099 1753 2147 eveniet
1777 2102 1830 2146 ut
1860 2098 2089 2146 sententia

277 2197 380 2262 ipsa
412 2196 540 2246 velut
570 2196 692 2244 bona
725 2199 889 2244 natura
928 2196 1148 2244 latentem
1194 2197 1279 2244 sub
1320 2197 1475 2245 ulcere
1511 2213 1670 2245 sanam
1703 2197 1950 2245 lectionem
1986 2197 2091 2244 effe-

277 2299 350 2343 rat
409 2299 454 2342 et
519 2294 885 2343 emendationem
934 2297 1158 2341 monstret
1205 2298 1301 2342 tam
1354 2295 1651 2344 verisimilem
1668 2333 1680 2353 ,
1733 2298 1786 2342 ut
1835 2294 2089 2359 scripturae

279 2391 542 2440 testimonio
576 2408 721 2456 paene
756 2408 839 2456 par
873 2391 944 2441 sit.

346 2489 632 2553 Principium
666 2493 820 2538 autem
856 2494 902 2538 et
933 2490 1288 2539 fundamentum
1312 2489 1490 2538 critices
1516 2493 1584 2537 est
1599 2489 1729 2551 justa
1750 2488 2086 2554 interpretatiO,

283 2593 374 2641 qua
419 2576 470 2624 in
513 2593 563 2624 re
603 2576 772 2625 mirum
817 2581 886 2625 est
926 2594 1065 2643 quam
1100 2595 1236 2642 saepe
1270 2577 1488 2641 Aeschyli
1520 2576 1795 2640 interpretes
1830 2593 1857 2624 a
1890 2580 2016 2624 recta
2048 2581 2093 2624 et

283 2673 480 2738 simplici
518 2674 593 2722 via
626 2673 908 2724 deflexerint.
978 2675 1150 2724 Caussa
1191 2676 1288 2738 ejus
1323 2675 1389 2723 rei
1421 2674 1591 2739 partim
1624 2674 1776 2739 posita
1804 2677 1874 2722 est
1906 2674 1957 2722 in
1991 2674 2093 2738 ipsa

282 2771 494 2819 lectionis
534 2770 879 2836 depravatione,
912 2772 1042 2835 cujus
1067 2772 1384 2821 emendandae
1419 2774 1585 2835 ἀπορίᾳ
1613 2771 1817 2835 fatigati,
1842 2772 2094 2836 qualicum-

283 2885 373 2933 que
408 2868 546 2917 modo
581 2873 795 2933 corrupta
829 2886 973 2934 aeque
1005 2887 1058 2918 ac
1089 2887 1200 2918 sana
1223 2870 1454 2935 explicare
1479 2869 1743 2917 maluerunt
1767 2886 1905 2934 quam
1927 2869 2093 2918 vitiosa

210 2991 219 2997 =
283 2966 442 3024 fateri3
478 2966 667 3014 accessit
699 2983 807 3016 vero
839 2967 1121 3032 Aeschyleae
1156 2968 1375 3016 audaciae
1411 2971 1456 3016 et
1480 2966 1771 3015 obscuritatis
1794 2967 1937 3025 fama,
1961 2966 2089 3015 unde

285 3064 519 3112 nonnullis
554 3065 710 3129 opinio
744 3068 873 3122 nata,
908 3065 1025 3113 nihil
1057 3069 1152 3114 tam
1183 3065 1388 3123 insolite,
1423 3062 1518 3112 tam
1551 3064 1745 3112 licenter
1772 3063 1948 3112 dictum
1972 3081 2093 3122 esse,

271 3158 399 3226 ‘quin
430 3162 685 3226 Aeschyleo
722 3162 946 3210 cothurno
982 3163 1175 3226 dignum
1209 3163 1268 3211 sit
1300 3162 1567 3211 habendum
1575 3184 1588 3220 ;
1622 3162 1739 3210 nihil
1771 3166 1866 3210 tam
1901 3163 2094 3210 obscure

289 3261 335 3304 et
379 3258 608 3316 intricate,
649 3259 762 3323 quin
796 3259 1026 3324 exquisita
1076 3260 1230 3325 aliqua
1281 3261 1498 3323 cogitatio
1543 3264 1623 3308 aut
1663 3259 1874 3308 abditum
1907 3260 2094 3324 aliquod

291 3353 538 3418 sapientiae
594 3356 780 3403 effatum
834 3356 944 3404 inde
997 3357 1166 3404 excudi
1215 3375 1352 3422 posse
1403 3357 1630 3406 videatur.
1699 3357 1772 3405 Ita
1821 3357 1994 3404 factum
2043 3361 2096 3405 ut

291 3451 569 3515 Aeschylum
616 3452 908 3517 interpretari
957 3454 1257 3519 quibusdam,
1310 3459 1364 3503 ut
1404 3455 1589 3518 Palejus
1630 3454 1768 3513 dicit,
1811 3454 1928 3502 nihil
1966 3453 2096 3502 aliud

346 3639 402 3692 (*)
428 3640 486 3679 De
499 3639 559 3680 his
581 3641 744 3682 Scholiis
759 3654 883 3696 nuper
898 3642 1094 3684 enucleate
1108 3644 1286 3686 disseruit
1301 3644 1502 3686 Francken
1519 3644 1634 3685 Misc.
1650 3642 1792 3685 Philol.
1813 3643 1953 3696 Ultraj.
1973 3644 2092 3682 1854.
