2306 3944
280 197 373 242 244
943 190 1441 239 COMMENTARIUS

275 344 403 391 ferat.
471 343 624 404 Quare
671 340 795 405 quod
841 340 1084 387 Schiitzius
1119 356 1177 387 ex
1209 340 1372 387 Aurati
1405 339 1664 402 conjectura
1698 339 1879 404 scripsit
1913 342 2075 403 ἀμηνί-

273 447 374 484 τοις
390 461 404 482 ,
434 440 711 489 quamquam
745 439 772 470 a
798 423 1030 487 plerisque
1052 423 1378 486 interpretibus
1402 428 1628 487 spretum,
1651 424 1854 488 recipere
1877 441 1971 473 non
1996 425 2080 474 du-

271 509 432 565 bitavi,
481 507 750 570 praesertim
800 523 944 570 quum
976 507 1199 554 vocabulo
1233 509 1390 569 δόμοις
1423 507 1739 570 praedicatum
1772 509 1962 573 aliquod
1998 509 2080 557 de-

274 610 372 641 esse
421 592 499 640 vix
547 591 705 655 possit.
773 593 998 653 ἕιμῆνιτος
1053 591 1137 639 6131
1188 592 1461 656 plerumque
1506 592 1653 640 activo
1695 609 1834 640 sensu
1867 593 2081 656 ponitur,

273 693 418 741 aeque
451 675 653 723 admittit
685 676 915 740 passivam
949 676 1343 739 significationem.

338 795 416 844 Vs.
453 795 561 844 937.
630 799 708 844 καὶ
744 793 895 844 παῖδα
928 798 1018 856 wip
1056 815 1126 845 τοι
1164 795 1309 855 Φασῖν
1341 795 1615 855 Ἀλκμήνης
1646 802 1768 845 ποτὲ

628 880 865 939 πραθέντα
897 882 1068 931 τλῆναι
1105 878 1322 935 δουλείας
1353 880 1504 940 μάζης
1539 881 1636 938 βία.

276 978 350 1025 Sic
389 976 537 1024 codex
569 976 690 1023 Flor.
725 979 842 1022 teste
876 973 1167 1032 Hermanno,
1202 991 1296 1022 non
1333 977 1433 1036 βίου
1447 1014 1460 1033 ,
1497 980 1550 1022 111
1582 979 1713 1024 notat
1743 977 2086 1036 Blomfieldius,

275 1062 356 1126 qui
388 1065 542 1109 tamen
575 1065 697 1108 16616
732 1060 850 1108 vidit
883 1075 967 1123 pro
1001 1060 1088 1106 1106
1125 1059 1420 1108 scribendum
1443 1076 1543 1107 6336
1573 1062 1769 1120 δουλίας
1795 1064 1946 1126 μάζης
1972 1065 2088 1124 βίον.

273 1146 586 1194 Nihilominus
638 1162 664 1192 a
713 1145 946 1209 plerisque
1001 1143 1333 1207 interpretibus
1383 1148 1568 1207 recepta
1619 1149 1688 1192 est
1736 1145 1871 1193 Farn.
1921 1146 2085 1194 lectio:

275 1233 512 1292 πραθέντα
545 1234 715 1285 τλῆναι
749 1234 830 1279 καὶ
867 1232 1017 1293 ζυγῶν
1051 1231 1198 1291 θιγεῖν
1235 1231 1338 1290 βία.
1407 1229 1598 1291 Insigne
1632 1230 1917 1293 exemplum,
1962 1231 2088 1295 apud

273 1314 450 1360 criticos
483 1329 727 1360 numerum
759 1313 948 1359 testium
981 1312 1221 1359 interdum
1257 1313 1366 1376 plus
1395 1314 1549 1361 valere
1578 1330 1718 1378 quam
1739 1314 1939 1378 pondus.
1988 1315 2094 1363 Flo-

271 1398 453 1445 rentina
502 1397 638 1444 lectio
689 1413 784 1444 non
833 1401 1016 1444 tantum
1061 1397 1119 1444 ob
1157 1396 1328 1444 codicis
1363 1398 1701 1457 auctoritatem,
1738 1399 1819 1447 sed
1853 1399 1993 1447 etiam
2026 1400 2088 1448 ob

275 1499 461 1530 3611311111
495 1485 540 1528 61
568 1482 832 1543 juncturam
862 1485 1077 1545 praestat.
1118 1485 1218 1544 βίον
1251 1483 1446 1541 δουλίας
1479 1482 1631 1546 μάζης
1666 1487 1835 1540 τλῆναι
1868 1489 1940 1532 631
1962 1484 2089 1532 idem

275 1566 401 1631 quod
445 1566 694 1629 Sophocles
737 1566 807 1627 Aj.
850 1569 944 1614 499
989 1565 1101 1613 dicit
1133 1567 1328 1617 δουλίαν
1362 1566 1484 1627 ἕξειν
1512 1568 1713 1630 τροφήν,
1749 1574 1794 1616 61
1825 1574 1981 1617 noster
2014 1586 2091 1617 su-

273 1667 357 1714 pra
389 1666 454 1698 vs.
489 1650 609 1707 474,
646 1649 760 1712 μήτ’
792 1674 851 1683 --
886 1653 1035 1708 ἁλοῦς
1082 1651 1161 1700 ὑπ’
1209 1651 1372 1700 ἄλλων
1421 1653 1517 1711 βίον
1547 1653 1814 1714 κατέδοιμε.
1883 1654 2090 1702 Similius

277 1735 413 1782 etiam
445 1734 533 1781 1106
563 1733 801 1798 Euripidis
833 1734 931 1781 Alc.
965 1734 1109 1797 princ.
1145 1733 1271 1798 quod
1304 1734 1464 1781 laudat
1496 1735 1839 1784 Blomfieldius:

655 1855 685 1905 ὦ
720 1853 897 1915 Macer*
931 1853 1208 1914 Ἀδμῆτει’,
1245 1856 1294 1904 ἐν
1330 1853 1394 1913 οἷς
1427 1856 1575 1911 ἔτλην
1605 1858 1701 1918 ἐγὼ

657 1938 817 1989 θῆσσαν
851 1938 1090 1998 τραπέζαν
1125 1937 1319 1985 αἰνέσαι.

281 2037 472 2092 δουλίας
519 2037 670 2096 μοίζης
721 2037 817 2095 βίος
867 2039 935 2081 631
979 2035 1140 2081 similis
1186 2019 1463 2082 constructio
1504 2034 1613 2082 huic
1645 2034 1882 2099 Euripidis
1914 2035 2088 2084 Bacch.

279 2136 343 2166 vs,
380 2121 471 2164 388
527 2120 547 2167 ὃ
583 2123 673 2174 τῖες
706 2119 907 2179 ἡσυχίας
943 2120 1120 2179 βίοτος.
1190 2118 1406 2165 Ceterum
1441 2121 1575 2182 μάζα
1603 2119 1736 2166 vilior
1769 2135 1909 2184 quam
1942 2121 2087 2182 ἄρτος

279 2219 512 2251 servorum
547 2207 643 2250 erat
676 2203 817 2250 cibuS.

342 2325 419 2372 Vs.
456 2328 564 2372 942.
634 2361 659 2380 ‚‚
675 2323 768 2384 Qui
802 2323 1038 2387 inopinato
1074 2322 1238 2370 divites
1272 2323 1382 2370 facti
1416 2328 1545 2381 sunt,
1579 2323 1630 2370 111
1664 2324 1816 2387 (dicit)

610 2427 723 2485 ὠμοί
756 2446 810 2475 τε
844 2426 1027 2483 δούλοις
1063 2429 1224 2475 πάντα
1256 2429 1334 2474 καὶ
1369 2430 1494 2487 παρα
1527 2429 1755 2488 στάθμην.

281 2525 355 2572 Sic
403 2524 541 2586 vulgo
590 2524 708 2572 libri.
776 2524 838 2570 At
889 2525 984 2571 sive
1029 2525 1196 2586 jungas
1248 2525 1365 2585 ὠμοί
1417 2545 1471 2573 τε
1513 2530 1672 2575 πάντα
1705 2551 1768 2558 -
1799 2525 1893 2574 sive
1928 2531 2094 2578 πάντα

282 2616 408 2670 παρα
450 2612 686 2670 στάθμην,
744 2625 904 2656 manca
962 2613 1031 2656 631
1080 2610 1324 2656 verborum
1375 2612 1616 2656 structura.
1683 2609 1974 2672 Hartungius
2026 2610 2091 2669 la-

284 2709 427 2742 cunae
479 2693 661 2755 signum
710 2693 866 2755 posuit
873 2714 885 2749 ;
936 2692 1114 2740 facilior
1165 2697 1234 2740 est
1282 2691 1510 2739 medicina
1562 2708 1589 2738 a
1638 2709 1711 2740 me
1759 2693 1963 2744 adhibita
2006 2709 2092 2757 pro

287 2782 449 2830 πάντα
494 2782 573 2827 καὶ
618 2777 878 2835 scribend0‚
931 2783 1179 2840 πανταχῇ.
1247 2777 1320 2824 Sic
1361 2776 1486 2824 Pers.
1523 2779 1641 2823 225:
1688 2777 1741 2827 εῧ
1774 2779 1826 2827 δὲ
1858 2782 2092 2838 πανταχῇ

285 2866 445 2911 τελεῖν
477 2879 545 2909 σοι
578 2884 638 2891 -
671 2860 763 2906 Sed
797 2861 935 2908 etiam
969 2868 1096 2923 παρα
1132 2863 1344 2921 στάθμην
1366 2860 1479 2907 1111111
1502 2865 1769 2923 3113Ρ66111111
1791 2864 1874 2908 631.
1910 2859 2091 2906 Usitate

287 2946 374 2991 hoc
425 2945 550 2991 idem
602 2945 825 3007 significat
875 2950 1011 3010 atque
1060 2950 1168 3007 πρὸς
1218 2947 1292 2993 vel
1335 2946 1414 2995 ἐπὶ
1460 2945 1533 2992 vel
1575 2950 1707 2995 κατα
1751 2946 1990 3005 στάθμην,
2033 2944 2095 2991 ad

288 3030 506 3086 amussim,
559 3029 653 3076 sive
703 3029 752 3076 id
802 3031 986 3094 proprie
1038 3031 1132 3078 sive
1182 3029 1357 3094 tropice
1409 3029 1612 3084 dicatur,
1647 3028 1780 3075 utin
1812 3027 2092 3090 Theognidis

289 3130 354 3161 VS.
406 3117 522 3160 939:
575 3112 667 3174 εἶμι
711 3119 837 3175 παρα
885 3117 1097 3175 στάθμην
1140 3116 1262 3175 ὃρθῆν
1310 3116 1427 3163 ὃδὸν.
1507 3113 1718 3177 Sophocl.
1770 3112 1929 3174 fragm.
1975 3110 2092 3158 Oen.

294 3198 390 3254 III,
429 3201 475 3244 5:
522 3200 640 3248 ὥστε
681 3203 902 3256 τέκτονος
945 3204 1071 3259 παρα
1106 3202 1316 3259 στάθμην
1350 3200 1499 3254 ἰόντος
1535 3199 1740 3257 ὃρθοῦται
1774 3196 1936 3246 κανῶν.
2001 3194 2094 3242 Hic

293 3281 516 3329 contrario
552 3298 690 3329 sensu
723 3282 868 3345 accipi
897 3282 1035 3328 debet
1059 3297 1142 3344 pro
1160 3285 1346 3343 praeter
1370 3296 1562 3343 aequum.
1631 3279 1923 3343 Quamquam
1966 3284 2093 3340 παρὰ

293 3366 411 3413 hanc
445 3365 822 3427 significationem
856 3365 1072 3422 admittit,
1107 3370 1263 3413 tamen
1295 3365 1344 3411 in
1383 3363 1604 3425 ejusmodi
1640 3362 1775 3410 dictis
1808 3362 1929 3410 valet
1960 3378 2093 3418 usus,

296 3466 322 3496 a
373 3466 463 3514 quo
515 3449 781 3511 diligentem
832 3451 1099 3514 scriptorem
1148 3449 1387 3498 recessisse
1431 3465 1525 3495 non
1558 3448 1794 3511 probabile
1829 3451 1918 3495 est:
1953 3462 2094 3511 quare

297 3533 542 3596 legendum
592 3550 753 3581 censeo
807 3539 924 3596 πέρα
972 3539 1209 3595 στάθμης,
1260 3535 1377 3581 sieut
1427 3533 1594 3580 dicitur
1639 3537 1757 3594 πέρα
1790 3534 1939 3590 δίκης,
1977 3532 2093 3593 πέρα

300 3621 482 3678 καιροῦ,
519 3621 635 3678 πέρα
665 3621 823 3678 νόμων.
