2340 3958
277 150 344 198 22
1009 156 1356 204 ΑΙΣΧΥΛΟΥ

788 314 1132 380 πρωτοπήμων.
1173 313 1297 368 ἔτλα
1335 315 1376 368 δ’
1416 314 1494 370 οὖν

275 422 376 472 195

2005 339 2084 378 224

454 420 593 488 θυτὴρ
629 422 849 485 γενέσθαι
886 422 1146 490 θυγατρὸς,
1191 424 1557 486 γυναικοποίνων
1589 426 1813 491 πολέμων
1842 429 2045 496 ἀρωγάν

787 531 869 584 καὶ
908 530 1162 597 προτέλεια
1199 537 1332 586 ναῶν.

725 640 868 699 λιτάς
907 639 955 693 δὲ
993 640 1075 694 καὶ
1114 640 1346 704 κληδόνας
1386 642 1632 710 πατρῴους

1934 668 2018 708 ἀντ.
2036 665 2081 707 δ’.

721 753 836 819 παρ’
872 751 999 806 οὐδὲν
1038 751 1243 819 αἵαγμα
1281 754 1546 821 παρθένειόν
1584 757 1630 808 τ’

797 864 951 918 ἔθεντο
987 863 1266 934 φιλόμαχοι
1303 865 1519 933 βραβῆς·

721 971 909 1040 φράσεν
946 971 985 1025 δ’
1020 972 1173 1041 ἀόζοις
1211 975 1400 1042 πατὴρ,
1436 977 1549 1040 μετ’
1588 976 1745 1042 εὖχαν

272 973 376 1023 200

2008 885 2087 925 230

722 1081 857 1136 δίκαν
894 1082 1138 1150 χιμαίρας
1177 1080 1345 1151 ὕπερθε
1381 1085 1552 1151 βωμοῦ

913 1191 1139 1246 πέπλοισι
1179 1201 1413 1260 περιπετῆ

827 1302 975 1356 παντὶ
1014 1303 1145 1370 θυμῷ
1183 1310 1442 1371 προνωπεῖς

2006 1326 2085 1366 234

455 1412 632 1476 λαβεῖν
659 1411 826 1479 ἀέρδην
839 1454 854 1474 ,
888 1410 1136 1476 στόματός
1154 1434 1210 1467 τε
1230 1412 1557 1482 καλλιπρῴρου
1571 1418 1781 1485 φυλακᾷ
1800 1425 2081 1483 κατασχεῖν

272 1525 376 1575 205

712 1632 803 1702 βία
838 1637 1055 1700 χαλινῶν
1090 1637 1137 1689 τ’
1173 1635 1365 1703 ἀναύδῳ
1401 1635 1548 1700 μένει.

811 1522 1033 1592 φθόγγον
1069 1524 1232 1591 ἀραῖον
1269 1523 1406 1585 οἴκοις
1420 1566 1433 1590 ,

1929 1673 2015 1714 στρ.
2035 1657 2081 1699 ε’.

1560 1720 1575 1742 l

713 1742 876 1811 κρόκου
912 1744 1095 1814 βαφας
1138 1744 1179 1798 δ’
1215 1747 1262 1805 ἐς
1300 1745 1439 1800 πέδον
1473 1746 1690 1813 χέουσα,

380 1852 590 1918 βαλοῦσ’
623 1851 824 1909 ἕκαστον
856 1856 1058 1923 θυτήρων
1087 1854 1179 1910 ἀπ’
1212 1854 1434 1922 ὄμματος
1465 1854 1604 1921 βέλει
1629 1854 1886 1925 φιλοίκτῳ,

271 2068 322 2107 V.
354 2068 448 2109 198.
489 2071 603 2112 αἰῶνα
638 2074 759 2126 παρθ.
828 2071 922 2118 203.
951 2077 1142 2128 προνωπῆ.

323 2144 477 2184 ἕκαστον
502 2142 563 2183 Μ.
595 2142 704 2198 ἔβαλ’
734 2146 790 2184 ἔκ.
820 2143 882 2184 Pl.

268 2323 506 2373 susceperat,
553 2323 596 2361 ut
635 2321 873 2374 significatur
910 2323 1037 2364 addito
1068 2341 1135 2378 yo-

269 2391 504 2432 ναικοποίνων
526 2393 699 2444 πολέμων
725 2395 894 2448 ἀρωγάν.
940 2392 1132 2432 Disertius

269 2458 342 2498 hoe
369 2457 536 2498 declarat
559 2459 710 2499 Chorus
738 2472 796 2500 vs.
830 2460 910 2503 799
939 2473 998 2513 sq.

325 2526 420 2566 200.
462 2531 569 2578 ἀόζοι
610 2529 650 2567 et
685 2526 775 2567 inde
812 2527 970 2568 ductum
1011 2533 1138 2581 ἀοςεῐν

269 2593 427 2645 antiqua
466 2593 646 2636 vocabula
682 2597 795 2643 sunt,
837 2608 934 2648 quae
957 2595 1138 2648 Aeschyli

270 2660 443 2715 exemplo
482 2662 680 2715 usurpavit
720 2663 835 2703 etiam
863 2663 1135 2705 Callimachus.

270 2728 515 2781 Hesychius:
551 2735 717 2782 ἀόζοι,
748 2735 953 2789 μάγειροι,
993 2734 1138 2789 ὑπηρέ-

270 2807 350 2838 ται·
371 2821 426 2828 -
442 2801 700 2853 Καλλίμαχος.
721 2804 842 2852 ἀοζή
855 2817 939 2853 σω,
970 2801 1136 2849 διακονή·

272 2881 350 2916 σω,
393 2867 626 2923 ὑπουργήσω·
678 2869 856 2922 Αἰσχύλος
883 2866 1136 2916 Ἐλευσινίαις.

273 2932 431 2984 (fragm.
449 2935 499 2973 55
534 2934 690 2982 Herm.)
721 2935 845 2976 Stanl.

328 2999 421 3039 202.
465 3003 640 3043 πέπλοισι
680 3010 894 3059 περιπετῆ,
938 3004 980 3044 h.
1017 3016 1052 3045 e.
1091 3005 1135 3044 ut

270 3065 388 3106 schol.
405 3076 776 3125 περιεσκεπασμένην
787 3101 799 3123 ,
825 3072 1106 3112 circumdatam
1120 3102 1133 3120 ,

270 3134 507 3183 involutam,
537 3139 718 3189 tanquam
747 3138 902 3178 ductum
927 3152 949 3178 a
973 3154 1136 3197 περιπε-

271 3202 448 3243 ταννύειν.
505 3204 596 3244 Non
619 3204 785 3246 multum
813 3206 987 3247 dissimili
1014 3207 1134 3260 signi-

270 3270 386 3309 ficatu
425 3270 498 3309 hoc
538 3270 718 3311 vocabulo
748 3272 872 3313 utitur
901 3274 1132 3328 Sophocles,

271 3338 352 3376 tam
392 3336 514 3377 activa
551 3340 738 3390 potestate
777 3353 847 3392 pro
884 3343 1133 3395 amplexam,

270 3416 387 3454 quam
414 3403 574 3456 passiva.
618 3405 708 3445 Vid.
735 3405 890 3446 Ellendt
904 3408 998 3449 Lex.
1014 3409 1135 3462 Soph-

269 3470 413 3511 Eodem
431 3484 543 3512 sensu
565 3471 704 3513 dicitur
720 3482 973 3530 περιπτυχής.
994 3499 1048 3506 -
1065 3482 1135 3519 πέ-

273 3541 358 3580 πλοι
397 3538 459 3580 hic
496 3553 573 3580 non
607 3541 725 3580 vestis
764 3541 1035 3594 intelligenda,
1073 3544 1137 3585 sed

2000 1877 2081 1917 240

1213 2071 1308 2111 204.
1337 2073 1503 2125 φυλακὰν
1528 2078 1752 2126 κατασχεῖν.
1824 2073 1918 2113 208.
1950 2072 2081 2128 ἔβαλλ’

1216 2325 1323 2371 vela,
1361 2323 1539 2377 infulae,
1583 2323 1721 2376 quibus
1763 2337 1885 2377 popae
1923 2337 2007 2365 eam
2039 2327 2085 2367 ut

1215 2390 1410 2433 victimam
1445 2390 1704 2432 involvebant.
1744 2391 1810 2431 Sic
1840 2392 1891 2432 11.
1920 2409 1975 2441 ω,
2003 2393 2083 2436 796

1217 2459 1399 2500 Hectoris
1437 2472 1522 2500 ossa
1551 2461 1736 2512 teguntur
1763 2466 1987 2517 πορφυρέοις
2012 2466 2084 2503 πέ-

1216 2531 1356 2570 πλοισι.
1415 2528 1474 2566 De
1500 2529 1606 2567 veste
1631 2527 1760 2568 statim
1786 2527 1970 2580 loquitur.

1274 2595 1370 2639 207.
1408 2600 1541 2651 κρόκου
1579 2600 1712 2650 βαφὰς
1751 2597 1831 2638 κτὲ.
1870 2599 1999 2651 βαφαὶ
2024 2595 2082 2635 di-

1216 2665 1320 2704 ctum
1335 2675 1405 2716 pro
1417 2666 1560 2717 ἱμάτια
1573 2668 1728 2717 βαπτὰ.
1758 2664 1958 2716 Aristoph.
1975 2663 2082 2703 Plut.

1220 2732 1299 2772 526
1315 2734 1498 2785 τὶματίων
1515 2736 1678 2786 βαπτῶν
1692 2732 1876 2778 δαπάναις
1891 2738 2083 2785 κοσμῆσαι

1217 2802 1528 2856 ποικιλομόρφων.
1573 2804 1704 2855 κρόκου
1744 2802 1872 2854 βαφαὶ
1909 2812 1985 2839 uno
2015 2813 2081 2839 vo—

1218 2866 1350 2907 cabulo
1403 2870 1576 2925 κροκωτὰ
1627 2871 1827 2907 vocantur.
1881 2867 2082 2920 Aristoph.

1215 2934 1383 2987 Lysistr.
1411 2936 1480 2974 44.
1538 2934 1589 2974 In
1619 2933 1724 2973 luctu
1749 2936 1788 2974 et
1814 2947 1989 2974 moerore
2017 2948 2082 2974 ve-

1214 3005 1290 3043 stes
1332 3002 1529 3042 remittere
1557 3001 1750 3049 solebant,
1781 3005 1824 3042 ut
1850 3001 1942 3041 facit
1970 3002 2082 3041 Anti-

1214 3083 1314 3122 gona
1339 3069 1381 3108 in
1407 3069 1600 3122 Euripidis
1615 3069 1762 3109 Phoen.
1781 3069 1886 3109 1496
1899 3101 1911 3116 ,
1930 3071 2084 3112 στολίδα

1215 3143 1443 3195 κροκόεσσαν
1483 3142 1633 3180 ἀνεῖσα.
1689 3136 1853 3177 Gravius
1890 3140 1947 3177 est
1983 3138 2085 3189 quod

1214 3205 1278 3245 hic
1321 3205 1413 3246 facit
1450 3204 1655 3258 Iphigenia
1670 3235 1682 3252 ‚
1722 3207 1759 3252 ἐς
1783 3205 1891 3246 πέδον
1914 3210 2081 3259 χέουσα,

1214 3273 1355 3313 ¹violam
1377 3273 1422 3312 in
1441 3273 1597 3313 humum
1612 3272 1804 3323 dejiciens
1817 3303 1828 3320 ,
1855 3275 1898 3312 ut
1913 3273 2084 3326 deposito

1215 3340 1344 3378 comtu
1391 3338 1759 3379 commiserationem
1798 3342 1961 3380 moveat.
2006 3345 2086 3394 χέω

1215 3405 1332 3447 simili
1385 3419 1497 3446 seusu
1548 3406 1744 3447 Homerus
1789 3407 1839 3447 Il.
1884 3424 1932 3456 e,
1975 3408 2083 3450 734:

1217 3471 1376 3524 (Ἂθήνη)
1403 3477 1544 3516 πέπλον
1566 3477 1637 3528 μὲν
1664 3480 1866 3530 κατέχευεν
1886 3477 1992 3517 ἑανὸν
2005 3490 2084 3517 πα·

1219 3546 1307 3599 τρὸς
1335 3540 1395 3584 ἐπ’
1423 3543 1534 3584 οὔδει.
