<?xml version="1.0" encoding="UTF-8"?>
<!DOCTYPE html PUBLIC "-//W3C//DTD XHTML 1.0 Transitional//EN"
    "http://www.w3.org/TR/xhtml1/DTD/xhtml1-transitional.dtd">
<html xmlns="http://www.w3.org/1999/xhtml" xml:lang="en" lang="en">
 <head>
  <title>
</title>
<meta http-equiv="Content-Type" content="text/html;charset=utf-8" />
  <meta name='ocr-system' content='tesseract 3.04.00' />
  <meta name='ocr-capabilities' content='ocr_page ocr_carea ocr_par ocr_line ocrx_word'/>
</head>
<body>
  <div class='ocr_page' id='page_1' title='image "agamemnonrecensu00aescuoft_0052.png"; bbox 0 0 2340 3958; ppageno 0'>
   <div class='ocr_carea' id='block_1_1' title="bbox 313 174 1400 221">
    <p class='ocr_par' dir='ltr' id='par_1_1' title="bbox 313 174 1400 221">
     <span class='ocr_line' id='line_1_1' title="bbox 313 174 1400 221; baseline -0.003 -1"><span class='ocrx_word' id='word_1_1' title='bbox 313 174 383 221; x_wconf 67' lang='lat'><em>:34</em></span> <span class='ocrx_word' id='word_1_2' title='bbox 1057 174 1400 220; x_wconf 77' lang='grc' dir='ltr'>ΑΙΣΧΥΛΟΥ</span> 
     </span>
    </p>
   </div>
   <div class='ocr_carea' id='block_1_2' title="bbox 835 332 1532 398">
    <p class='ocr_par' dir='ltr' id='par_1_2' title="bbox 835 332 1532 398">
     <span class='ocr_line' id='line_1_2' title="bbox 835 332 1532 398; baseline 0.001 -14"><span class='ocrx_word' id='word_1_3' title='bbox 835 332 1043 384; x_wconf 83' lang='grc' dir='ltr'><em>πλούτου</em></span> <span class='ocrx_word' id='word_1_4' title='bbox 1091 333 1204 398; x_wconf 78' lang='grc' dir='ltr'><em>πρὸς</em></span> <span class='ocrx_word' id='word_1_5' title='bbox 1243 332 1368 398; x_wconf 83' lang='grc' dir='ltr'><em>κόρον</em></span> <span class='ocrx_word' id='word_1_6' title='bbox 1407 333 1532 398; x_wconf 68' lang='grc' dir='ltr'><em>ἀνδρὶ</em></span> 
     </span>
    </p>
   </div>
   <div class='ocr_carea' id='block_1_3' title="bbox 567 440 2126 508">
    <p class='ocr_par' dir='ltr' id='par_1_3' title="bbox 567 440 2126 508">
     <span class='ocr_line' id='line_1_3' title="bbox 567 440 2126 508; baseline -0.002 -12"><span class='ocrx_word' id='word_1_7' title='bbox 567 442 855 496; x_wconf 76' lang='grc' dir='ltr'><em>λακτίσαντι</em></span> <span class='ocrx_word' id='word_1_8' title='bbox 896 440 1061 503; x_wconf 71' lang='grc' dir='ltr'><em>μέγαν</em></span> <span class='ocrx_word' id='word_1_9' title='bbox 1101 441 1235 499; x_wconf 73' lang='grc' dir='ltr'><em>δίκας</em></span> <span class='ocrx_word' id='word_1_10' title='bbox 1275 440 1443 505; x_wconf 79' lang='grc' dir='ltr'><em>βωμὸν</em></span> <span class='ocrx_word' id='word_1_11' title='bbox 1485 442 1550 500; x_wconf 79' lang='grc' dir='ltr'><em>εἷς</em></span> <span class='ocrx_word' id='word_1_12' title='bbox 1590 440 1845 508; x_wconf 73' lang='grc' dir='ltr'><em>οέφοένειοιν.</em></span> <span class='ocrx_word' id='word_1_13' title='bbox 2049 464 2126 501; x_wconf 77' lang='lat'><em>384</em></span> 
     </span>
    </p>
   </div>
   <div class='ocr_carea' id='block_1_4' title="bbox 760 544 1520 615">
    <p class='ocr_par' dir='ltr' id='par_1_4' title="bbox 760 544 1520 615">
     <span class='ocr_line' id='line_1_4' title="bbox 760 544 1520 615; baseline 0 -13"><span class='ocrx_word' id='word_1_14' title='bbox 760 551 936 615; x_wconf 71' lang='grc' dir='ltr'><em>βιοῖτοοι</em></span> <span class='ocrx_word' id='word_1_15' title='bbox 975 549 1014 602; x_wconf 73' lang='grc' dir='ltr'><em>δ’</em></span> <span class='ocrx_word' id='word_1_16' title='bbox 1054 550 1088 601; x_wconf 75' lang='grc' dir='ltr'><em>οὶ</em></span> <span class='ocrx_word' id='word_1_17' title='bbox 1125 544 1343 603; x_wconf 54' lang='lat' dir='ltr'><em>‘rotimum</em></span> <span class='ocrx_word' id='word_1_18' title='bbox 1381 551 1520 602; x_wconf 79' lang='grc' dir='ltr'><em>πειθὼ</em></span> 
     </span>
    </p>
   </div>
   <div class='ocr_carea' id='block_1_5' title="bbox 1969 572 2121 611">
    <p class='ocr_par' dir='ltr' id='par_1_5' title="bbox 1969 572 2121 611">
     <span class='ocr_line' id='line_1_5' title="bbox 1969 572 2121 611; baseline 0.007 -2"><span class='ocrx_word' id='word_1_19' title='bbox 1969 575 2050 611; x_wconf 80' lang='grc' dir='ltr'><em>ἀντ.</em></span> <span class='ocrx_word' id='word_1_20' title='bbox 2072 572 2121 611; x_wconf 85' lang='grc' dir='ltr'><em>α’.</em></span> 
     </span>
    </p>
   </div>
   <div class='ocr_carea' id='block_1_6' title="bbox 758 660 1646 729">
    <p class='ocr_par' dir='ltr' id='par_1_6' title="bbox 758 660 1646 729">
     <span class='ocr_line' id='line_1_6' title="bbox 758 660 1646 729; baseline -0.003 -14"><span class='ocrx_word' id='word_1_21' title='bbox 758 662 1050 729; x_wconf 76' lang='grc' dir='ltr'><em>πρόβουλος,</em></span> <span class='ocrx_word' id='word_1_22' title='bbox 1093 668 1213 722; x_wconf 75' lang='grc' dir='ltr'><em>ποεῖς</em></span> <span class='ocrx_word' id='word_1_23' title='bbox 1253 660 1464 729; x_wconf 70' lang='grc' dir='ltr'><em>ἄφερτος</em></span> <span class='ocrx_word' id='word_1_24' title='bbox 1502 661 1646 720; x_wconf 69' lang='grc' dir='ltr'><em>ἄτας.</em></span> 
     </span>
    </p>
   </div>
   <div class='ocr_carea' id='block_1_7' title="bbox 323 778 424 827">
    <p class='ocr_par' dir='ltr' id='par_1_7' title="bbox 323 778 424 827">
     <span class='ocr_line' id='line_1_7' title="bbox 323 778 424 827; baseline 0.01 -2"><span class='ocrx_word' id='word_1_25' title='bbox 323 778 424 827; x_wconf 80' lang='lat'><em>350</em></span> 
     </span>
    </p>
   </div>
   <div class='ocr_carea' id='block_1_8' title="bbox 653 772 1668 839">
    <p class='ocr_par' dir='ltr' id='par_1_8' title="bbox 653 772 1668 839">
     <span class='ocr_line' id='line_1_8' title="bbox 653 772 1668 839; baseline -0.003 -12"><span class='ocrx_word' id='word_1_26' title='bbox 653 773 766 833; x_wconf 75' lang='grc' dir='ltr'><em>ἄκος</em></span> <span class='ocrx_word' id='word_1_27' title='bbox 805 774 853 826; x_wconf 80' lang='grc' dir='ltr'><em>δὲ</em></span> <span class='ocrx_word' id='word_1_28' title='bbox 891 776 993 826; x_wconf 69' lang='grc' dir='ltr'><em>ποῖν</em></span> <span class='ocrx_word' id='word_1_29' title='bbox 1031 773 1254 837; x_wconf 70' lang='grc' dir='ltr'><em>μάταιον.</em></span> <span class='ocrx_word' id='word_1_30' title='bbox 1312 775 1394 826; x_wconf 79' lang='grc' dir='ltr'><em>οὐκ</em></span> <span class='ocrx_word' id='word_1_31' title='bbox 1433 772 1668 839; x_wconf 75' lang='grc' dir='ltr'><em>ἐκρύφθη,</em></span> 
     </span>
    </p>
   </div>
   <div class='ocr_carea' id='block_1_9' title="bbox 719 881 1636 951">
    <p class='ocr_par' dir='ltr' id='par_1_9' title="bbox 719 881 1636 951">
     <span class='ocr_line' id='line_1_9' title="bbox 719 881 1636 951; baseline -0.003 -15"><span class='ocrx_word' id='word_1_32' title='bbox 719 884 885 949; x_wconf 85' lang='grc' dir='ltr'><em>πρέπει</em></span> <span class='ocrx_word' id='word_1_33' title='bbox 925 883 975 935; x_wconf 77' lang='grc' dir='ltr'><em>δὲ</em></span> <span class='ocrx_word' id='word_1_34' title='bbox 1010 887 1117 951; x_wconf 78' lang='grc' dir='ltr'><em>φῶς</em></span> <span class='ocrx_word' id='word_1_35' title='bbox 1157 882 1460 947; x_wconf 71' lang='grc' dir='ltr'><em>αἱνολοιμπὲς</em></span> <span class='ocrx_word' id='word_1_36' title='bbox 1498 881 1636 942; x_wconf 75' lang='grc' dir='ltr'><em>σι’νις.</em></span> 
     </span>
    </p>
   </div>
   <div class='ocr_carea' id='block_1_10' title="bbox 795 992 1476 1058">
    <p class='ocr_par' dir='ltr' id='par_1_10' title="bbox 795 992 1476 1058">
     <span class='ocr_line' id='line_1_10' title="bbox 795 992 1476 1058; baseline -0.001 -13"><span class='ocrx_word' id='word_1_37' title='bbox 795 997 946 1046; x_wconf 79' lang='grc' dir='ltr'><em>κακοῦ</em></span> <span class='ocrx_word' id='word_1_38' title='bbox 985 993 1034 1045; x_wconf 79' lang='grc' dir='ltr'><em>δὲ</em></span> <span class='ocrx_word' id='word_1_39' title='bbox 1071 997 1268 1058; x_wconf 80' lang='grc' dir='ltr'><em>χαλκοῦ</em></span> <span class='ocrx_word' id='word_1_40' title='bbox 1307 992 1476 1057; x_wconf 83' lang='grc' dir='ltr'><em>τρόπον</em></span> 
     </span>
    </p>
   </div>
   <div class='ocr_carea' id='block_1_11' title="bbox 2048 1009 2127 1047">
    <p class='ocr_par' dir='ltr' id='par_1_11' title="bbox 2048 1009 2127 1047">
     <span class='ocr_line' id='line_1_11' title="bbox 2048 1009 2127 1047; baseline 0.013 -1"><span class='ocrx_word' id='word_1_41' title='bbox 2048 1009 2127 1047; x_wconf 83' lang='grc'><em>390</em></span> 
     </span>
    </p>
   </div>
   <div class='ocr_carea' id='block_1_12' title="bbox 792 1101 1447 1169">
    <p class='ocr_par' dir='ltr' id='par_1_12' title="bbox 792 1101 1447 1169">
     <span class='ocr_line' id='line_1_12' title="bbox 792 1101 1447 1169; baseline -0.003 -14"><span class='ocrx_word' id='word_1_42' title='bbox 792 1101 992 1169; x_wconf 77' lang='grc' dir='ltr'><em>τρίβωσι</em></span> <span class='ocrx_word' id='word_1_43' title='bbox 1035 1101 1118 1154; x_wconf 78' lang='grc' dir='ltr'><em>κοιὶ</em></span> <span class='ocrx_word' id='word_1_44' title='bbox 1158 1101 1447 1166; x_wconf 78' lang='grc' dir='ltr'><em>προςβολοιῖς</em></span> 
     </span>
    </p>
   </div>
   <div class='ocr_carea' id='block_1_13' title="bbox 866 1209 1416 1275">
    <p class='ocr_par' dir='ltr' id='par_1_13' title="bbox 866 1209 1416 1275">
     <span class='ocr_line' id='line_1_13' title="bbox 866 1209 1416 1275; baseline -0.002 -13"><span class='ocrx_word' id='word_1_45' title='bbox 866 1211 1216 1275; x_wconf 60' lang='grc' dir='ltr'><em>μελαμπαγὴς</em></span> <span class='ocrx_word' id='word_1_46' title='bbox 1255 1209 1391 1263; x_wconf 66' lang='grc' dir='ltr'><em>πέλει</em></span> <span class='ocrx_word' id='word_1_47' title='bbox 1403 1253 1416 1271; x_wconf 84' lang='lat'>‚</span> 
     </span>
    </p>
   </div>
   <div class='ocr_carea' id='block_1_14' title="bbox 312 1330 415 1380">
    <p class='ocr_par' dir='ltr' id='par_1_14' title="bbox 312 1330 415 1380">
     <span class='ocr_line' id='line_1_14' title="bbox 312 1330 415 1380; baseline -0.01 0"><span class='ocrx_word' id='word_1_48' title='bbox 312 1330 415 1380; x_wconf 86' lang='lat'><em>355</em></span> 
     </span>
    </p>
   </div>
   <div class='ocr_carea' id='block_1_15' title="bbox 869 1319 1295 1379">
    <p class='ocr_par' dir='ltr' id='par_1_15' title="bbox 869 1319 1295 1379">
     <span class='ocr_line' id='line_1_15' title="bbox 869 1319 1295 1379; baseline -0.002 -7"><span class='ocrx_word' id='word_1_49' title='bbox 869 1319 1124 1378; x_wconf 76' lang='grc' dir='ltr'><em>δικαιωθεὶς</em></span> <span class='ocrx_word' id='word_1_50' title='bbox 1137 1362 1150 1379; x_wconf 85' lang='grc'>,</span> <span class='ocrx_word' id='word_1_51' title='bbox 1193 1319 1295 1371; x_wconf 78' lang='grc' dir='ltr'><em>ἐπεὶ</em></span> 
     </span>
    </p>
   </div>
   <div class='ocr_carea' id='block_1_16' title="bbox 759 1429 1490 1496">
    <p class='ocr_par' dir='ltr' id='par_1_16' title="bbox 759 1429 1490 1496">
     <span class='ocr_line' id='line_1_16' title="bbox 759 1429 1490 1496; baseline 0 -14"><span class='ocrx_word' id='word_1_52' title='bbox 759 1431 906 1483; x_wconf 77' lang='grc' dir='ltr'><em>διώκει</em></span> <span class='ocrx_word' id='word_1_53' title='bbox 946 1436 1065 1489; x_wconf 74' lang='grc' dir='ltr'><em>ποεῖς</em></span> <span class='ocrx_word' id='word_1_54' title='bbox 1106 1430 1309 1482; x_wconf 74' lang='grc' dir='ltr'><em>ποτανὸν</em></span> <span class='ocrx_word' id='word_1_55' title='bbox 1348 1429 1490 1496; x_wconf 74' lang='grc' dir='ltr'><em>ὄρνιν,</em></span> 
     </span>
    </p>
   </div>
   <div class='ocr_carea' id='block_1_17' title="bbox 760 1538 1668 1607">
    <p class='ocr_par' dir='ltr' id='par_1_17' title="bbox 760 1538 1668 1607">
     <span class='ocr_line' id='line_1_17' title="bbox 760 1538 1668 1607; baseline 0.001 -14"><span class='ocrx_word' id='word_1_56' title='bbox 760 1540 897 1593; x_wconf 82' lang='grc' dir='ltr'><em>πόλει</em></span> <span class='ocrx_word' id='word_1_57' title='bbox 941 1539 1228 1607; x_wconf 51' lang='lat' dir='ltr'><em>mom-ptum?</em></span> <span class='ocrx_word' id='word_1_58' title='bbox 1266 1538 1475 1606; x_wconf 74' lang='grc' dir='ltr'><em>ἄφερτον</em></span> <span class='ocrx_word' id='word_1_59' title='bbox 1513 1540 1668 1599; x_wconf 74' lang='grc' dir='ltr'><em>ἐνθείς.</em></span> 
     </span>
    </p>
   </div>
   <div class='ocr_carea' id='block_1_18' title="bbox 2049 1561 2127 1601">
    <p class='ocr_par' dir='ltr' id='par_1_18' title="bbox 2049 1561 2127 1601">
     <span class='ocr_line' id='line_1_18' title="bbox 2049 1561 2127 1601; baseline 0.038 -3"><span class='ocrx_word' id='word_1_60' title='bbox 2049 1561 2127 1601; x_wconf 85' lang='grc'><em>395</em></span> 
     </span>
    </p>
   </div>
   <div class='ocr_carea' id='block_1_19' title="bbox 311 1720 2131 1853">
    <p class='ocr_par' dir='ltr' id='par_1_19' title="bbox 311 1720 2131 1853">
     <span class='ocr_line' id='line_1_19' title="bbox 311 1720 2127 1774; baseline -0.001 -11"><span class='ocrx_word' id='word_1_61' title='bbox 311 1726 362 1764; x_wconf 90' lang='lat' dir='ltr'><em>V.</em></span> <span class='ocrx_word' id='word_1_62' title='bbox 394 1723 488 1766; x_wconf 82' lang='lat'><strong>347.</strong></span> <span class='ocrx_word' id='word_1_63' title='bbox 531 1724 641 1763; x_wconf 85' lang='grc' dir='ltr'><em>λακτ.</em></span> <span class='ocrx_word' id='word_1_64' title='bbox 679 1723 831 1774; x_wconf 73' lang='grc' dir='ltr'><em>μεγάλα</em></span> <span class='ocrx_word' id='word_1_65' title='bbox 867 1720 927 1760; x_wconf 84' lang='lat' dir='ltr'><em>Fl.</em></span> <span class='ocrx_word' id='word_1_66' title='bbox 971 1722 1230 1763; x_wconf 82' lang='grc' dir='ltr'><em>ἐκλακτὶσαντι</em></span> <span class='ocrx_word' id='word_1_67' title='bbox 1267 1723 1422 1773; x_wconf 78' lang='grc' dir='ltr'><em>μεγάλα</em></span> <span class='ocrx_word' id='word_1_68' title='bbox 1451 1721 1570 1760; x_wconf 81' lang='lat' dir='ltr'><em>Farn.</em></span> <span class='ocrx_word' id='word_1_69' title='bbox 1602 1721 1702 1760; x_wconf 87' lang='lat' dir='ltr'><em>idem</em></span> <span class='ocrx_word' id='word_1_70' title='bbox 1729 1720 1768 1759; x_wconf 88' lang='lat' dir='ltr'><em>in</em></span> <span class='ocrx_word' id='word_1_71' title='bbox 1794 1722 1934 1762; x_wconf 78' lang='lat' dir='ltr'><em>antistr</em></span> <span class='ocrx_word' id='word_1_72' title='bbox 1960 1735 2017 1762; x_wconf 82' lang='lat' dir='ltr'><em>vs.</em></span> <span class='ocrx_word' id='word_1_73' title='bbox 2048 1723 2127 1763; x_wconf 80' lang='lat'><em>362</em></span> 
     </span>
     <span class='ocr_line' id='line_1_20' title="bbox 364 1794 2131 1853; baseline -0.001 -15"><span class='ocrx_word' id='word_1_74' title='bbox 364 1803 501 1853; x_wconf 73' lang='grc' dir='ltr'><em>ᾔσχυνε</em></span> <span class='ocrx_word' id='word_1_75' title='bbox 529 1800 594 1843; x_wconf 80' lang='grc' dir='ltr'><em>τὴν</em></span> <span class='ocrx_word' id='word_1_76' title='bbox 615 1796 651 1842; x_wconf 85' lang='grc' dir='ltr'><strong>ξ.</strong></span> <span class='ocrx_word' id='word_1_77' title='bbox 710 1795 803 1832; x_wconf 84' lang='lat'><strong>349.</strong></span> <span class='ocrx_word' id='word_1_78' title='bbox 833 1797 1129 1850; x_wconf 73' lang='grc' dir='ltr'><em>προβουλόπαις.</em></span> <span class='ocrx_word' id='word_1_79' title='bbox 1190 1795 1285 1834; x_wconf 87' lang='grc'><strong>350.</strong></span> <span class='ocrx_word' id='word_1_80' title='bbox 1315 1799 1586 1847; x_wconf 83' lang='grc' dir='ltr'><em>παμμάταιον.</em></span> <span class='ocrx_word' id='word_1_81' title='bbox 1645 1794 1740 1833; x_wconf 85' lang='grc'><strong>351.</strong></span> <span class='ocrx_word' id='word_1_82' title='bbox 1761 1797 1868 1842; x_wconf 84' lang='grc' dir='ltr'><em>σίνος.</em></span> <span class='ocrx_word' id='word_1_83' title='bbox 1926 1796 2021 1835; x_wconf 86' lang='grc'><strong>353.</strong></span> <span class='ocrx_word' id='word_1_84' title='bbox 2041 1800 2131 1852; x_wconf 78' lang='grc' dir='ltr'><em>τρί-</em></span> 
     </span>
    </p>
   </div>
   <div class='ocr_carea' id='block_1_20' title="bbox 368 1866 2128 1926">
    <p class='ocr_par' dir='ltr' id='par_1_20' title="bbox 368 1866 2128 1926">
     <span class='ocr_line' id='line_1_21' title="bbox 368 1866 2128 1926; baseline -0.001 -16"><span class='ocrx_word' id='word_1_85' title='bbox 368 1877 429 1926; x_wconf 80' lang='grc' dir='ltr'><em>βῳ</em></span> <span class='ocrx_word' id='word_1_86' title='bbox 458 1873 520 1912; x_wconf 86' lang='grc' dir='ltr'><em>καὶ</em></span> <span class='ocrx_word' id='word_1_87' title='bbox 548 1866 610 1908; x_wconf 76' lang='lat' dir='ltr'><em>Fl.</em></span> <span class='ocrx_word' id='word_1_88' title='bbox 638 1869 765 1924; x_wconf 73' lang='grc' dir='ltr'><em>τρίβῳ</em></span> <span class='ocrx_word' id='word_1_89' title='bbox 791 1884 835 1908; x_wconf 85' lang='grc' dir='ltr'><em>τε</em></span> <span class='ocrx_word' id='word_1_90' title='bbox 863 1870 925 1908; x_wconf 88' lang='grc' dir='ltr'><em>καὶ</em></span> <span class='ocrx_word' id='word_1_91' title='bbox 953 1867 1072 1907; x_wconf 82' lang='lat' dir='ltr'><em>Farn.</em></span> <span class='ocrx_word' id='word_1_92' title='bbox 1130 1868 1224 1907; x_wconf 84' lang='lat'><strong>356.</strong></span> <span class='ocrx_word' id='word_1_93' title='bbox 1254 1871 1392 1908; x_wconf 82' lang='grc' dir='ltr'><em>πτανὸν</em></span> <span class='ocrx_word' id='word_1_94' title='bbox 1419 1868 1515 1924; x_wconf 81' lang='grc' dir='ltr'><em>ὄρνιν</em></span> <span class='ocrx_word' id='word_1_95' title='bbox 1543 1867 1605 1908; x_wconf 82' lang='lat' dir='ltr'><em>Fl.</em></span> <span class='ocrx_word' id='word_1_96' title='bbox 1634 1872 1771 1910; x_wconf 80' lang='grc' dir='ltr'><em>πτανὸν</em></span> <span class='ocrx_word' id='word_1_97' title='bbox 1797 1866 1867 1909; x_wconf 77' lang='grc' dir='ltr'><em>τιν’</em></span> <span class='ocrx_word' id='word_1_98' title='bbox 1892 1868 1988 1924; x_wconf 81' lang='grc' dir='ltr'><em>ὄρνιν</em></span> <span class='ocrx_word' id='word_1_99' title='bbox 2010 1869 2128 1910; x_wconf 79' lang='lat' dir='ltr'><em>Fam.</em></span> 
     </span>
    </p>
   </div>
   <div class='ocr_carea' id='block_1_21' title="bbox 366 1940 852 1998">
    <p class='ocr_par' dir='ltr' id='par_1_21' title="bbox 366 1940 852 1998">
     <span class='ocr_line' id='line_1_22' title="bbox 366 1940 852 1998; baseline -0.008 -15"><span class='ocrx_word' id='word_1_100' title='bbox 366 1944 463 1986; x_wconf 79' lang='lat'><strong>357.</strong></span> <span class='ocrx_word' id='word_1_101' title='bbox 492 1946 656 1998; x_wconf 76' lang='grc' dir='ltr'><em>ἄφερτον</em></span> <span class='ocrx_word' id='word_1_102' title='bbox 689 1943 763 1988; x_wconf 80' lang='grc' dir='ltr'><em>θείς</em></span> <span class='ocrx_word' id='word_1_103' title='bbox 793 1940 852 1980; x_wconf 83' lang='lat' dir='ltr'><em>Fl.</em></span> 
     </span>
    </p>
   </div>
   <div class='ocr_carea' id='block_1_22' title="bbox 297 2072 1179 3613">
    <p class='ocr_par' dir='ltr' id='par_1_22' title="bbox 297 2072 1179 3613">
     <span class='ocr_line' id='line_1_23' title="bbox 310 2072 1176 2127; baseline -0.005 -11"><span class='ocrx_word' id='word_1_104' title='bbox 310 2076 418 2124; x_wconf 89' lang='lat' dir='ltr'><em>lum,</em></span> <span class='ocrx_word' id='word_1_105' title='bbox 449 2087 524 2127; x_wconf 85' lang='lat' dir='ltr'><em>quo</em></span> <span class='ocrx_word' id='word_1_106' title='bbox 550 2087 592 2113; x_wconf 91' lang='lat' dir='ltr'><em>se</em></span> <span class='ocrx_word' id='word_1_107' title='bbox 619 2073 808 2120; x_wconf 81' lang='lat' dir='ltr'><em>occultet,</em></span> <span class='ocrx_word' id='word_1_108' title='bbox 839 2072 900 2112; x_wconf 90' lang='lat' dir='ltr'><em>vel</em></span> <span class='ocrx_word' id='word_1_109' title='bbox 927 2087 1001 2126; x_wconf 83' lang='lat' dir='ltr'><em>quo</em></span> <span class='ocrx_word' id='word_1_110' title='bbox 1027 2074 1176 2126; x_wconf 81' lang='lat' dir='ltr'><em>injuste</em></span> 
     </span>
     <span class='ocr_line' id='line_1_24' title="bbox 297 2141 1173 2198; baseline -0.005 -14"><span class='ocrx_word' id='word_1_111' title='bbox 297 2145 420 2198; x_wconf 82' lang='lat' dir='ltr'><em>facta</em></span> <span class='ocrx_word' id='word_1_112' title='bbox 448 2141 595 2194; x_wconf 71' lang='lat' dir='ltr'><em>teqat.”</em></span> <span class='ocrx_word' id='word_1_113' title='bbox 653 2141 786 2180; x_wconf 81' lang='lat' dir='ltr'><em>Posset</em></span> <span class='ocrx_word' id='word_1_114' title='bbox 810 2141 894 2192; x_wconf 84' lang='lat' dir='ltr'><em>quis</em></span> <span class='ocrx_word' id='word_1_115' title='bbox 918 2144 1056 2193; x_wconf 78' lang='lat' dir='ltr'><em>putare</em></span> <span class='ocrx_word' id='word_1_116' title='bbox 1084 2155 1173 2180; x_wconf 82' lang='lat' dir='ltr'><em>con-</em></span> 
     </span>
     <span class='ocr_line' id='line_1_25' title="bbox 311 2210 1178 2265; baseline 0 -14"><span class='ocrx_word' id='word_1_117' title='bbox 311 2210 536 2251; x_wconf 81' lang='lat' dir='ltr'><em>struendum</em></span> <span class='ocrx_word' id='word_1_118' title='bbox 590 2222 671 2248; x_wconf 80' lang='lat' dir='ltr'><em>esse</em></span> <span class='ocrx_word' id='word_1_119' title='bbox 722 2211 940 2251; x_wconf 73' lang='grc' dir='ltr'><em>λακτίσαντι</em></span> <span class='ocrx_word' id='word_1_120' title='bbox 983 2213 1035 2256; x_wconf 80' lang='grc' dir='ltr'><em>εἰς</em></span> <span class='ocrx_word' id='word_1_121' title='bbox 1075 2215 1178 2265; x_wconf 72' lang='grc' dir='ltr'>ἀφά-</span> 
     </span>
     <span class='ocr_line' id='line_1_26' title="bbox 310 2277 1178 2331; baseline -0.002 -12"><span class='ocrx_word' id='word_1_122' title='bbox 310 2295 433 2331; x_wconf 85' lang='grc' dir='ltr'><em>νειαν,</em></span> <span class='ocrx_word' id='word_1_123' title='bbox 465 2278 505 2317; x_wconf 92' lang='lat' dir='ltr'><em>h.</em></span> <span class='ocrx_word' id='word_1_124' title='bbox 531 2291 565 2317; x_wconf 89' lang='lat' dir='ltr'><em>e.</em></span> <span class='ocrx_word' id='word_1_125' title='bbox 594 2277 662 2328; x_wconf 69' lang='lat' dir='ltr'><em>(sui</em></span> <span class='ocrx_word' id='word_1_126' title='bbox 681 2277 888 2328; x_wconf 83' lang='lat' dir='ltr'><em>justitiam</em></span> <span class='ocrx_word' id='word_1_127' title='bbox 913 2279 1178 2330; x_wconf 79' lang='lat' dir='ltr'><em>proculcanda</em></span> 
     </span>
     <span class='ocr_line' id='line_1_27' title="bbox 311 2344 1178 2398; baseline -0.003 -11"><span class='ocrx_word' id='word_1_128' title='bbox 311 2349 487 2387; x_wconf 87' lang='lat' dir='ltr'><em>obscuret</em></span> <span class='ocrx_word' id='word_1_129' title='bbox 498 2363 512 2392; x_wconf 87' lang='lat'><em>;</em></span> <span class='ocrx_word' id='word_1_130' title='bbox 541 2344 605 2384; x_wconf 88' lang='lat' dir='ltr'><em>sed</em></span> <span class='ocrx_word' id='word_1_131' title='bbox 629 2345 736 2398; x_wconf 85' lang='lat' dir='ltr'><em>prius</em></span> <span class='ocrx_word' id='word_1_132' title='bbox 765 2346 964 2398; x_wconf 84' lang='lat' dir='ltr'><em>praefero,</em></span> <span class='ocrx_word' id='word_1_133' title='bbox 994 2346 1093 2385; x_wconf 89' lang='lat' dir='ltr'><em>unde</em></span> <span class='ocrx_word' id='word_1_134' title='bbox 1114 2345 1178 2385; x_wconf 81' lang='lat' dir='ltr'><em>hic</em></span> 
     </span>
     <span class='ocr_line' id='line_1_28' title="bbox 311 2413 1176 2455; baseline -0.003 0"><span class='ocrx_word' id='word_1_135' title='bbox 311 2415 473 2455; x_wconf 81' lang='lat' dir='ltr'><em>efficitur</em></span> <span class='ocrx_word' id='word_1_136' title='bbox 515 2426 672 2453; x_wconf 75' lang='lat' dir='ltr'><em>sensus:</em></span> <span class='ocrx_word' id='word_1_137' title='bbox 713 2413 892 2453; x_wconf 81' lang='lat' dir='ltr'><em>Divitiae</em></span> <span class='ocrx_word' id='word_1_138' title='bbox 931 2426 1010 2453; x_wconf 87' lang='lat' dir='ltr'><em>non</em></span> <span class='ocrx_word' id='word_1_139' title='bbox 1037 2414 1176 2453; x_wconf 89' lang='lat' dir='ltr'><em>immu-</em></span> 
     </span>
     <span class='ocr_line' id='line_1_29' title="bbox 311 2481 1178 2534; baseline -0.002 -12"><span class='ocrx_word' id='word_1_140' title='bbox 311 2497 397 2522; x_wconf 87' lang='lat' dir='ltr'><em>nem</em></span> <span class='ocrx_word' id='word_1_141' title='bbox 437 2485 643 2534; x_wconf 75' lang='lat' dir='ltr'><em>praestant</em></span> <span class='ocrx_word' id='word_1_142' title='bbox 680 2482 728 2520; x_wconf 84' lang='lat' dir='ltr'><em>ab</em></span> <span class='ocrx_word' id='word_1_143' title='bbox 755 2481 970 2521; x_wconf 70' lang='lat' dir='ltr'><em>insolentia</em></span> <span class='ocrx_word' id='word_1_144' title='bbox 998 2495 1083 2521; x_wconf 86' lang='lat' dir='ltr'><em>eum</em></span> <span class='ocrx_word' id='word_1_145' title='bbox 1111 2482 1178 2534; x_wconf 81' lang='lat' dir='ltr'><em>qui</em></span> 
     </span>
     <span class='ocr_line' id='line_1_30' title="bbox 311 2549 1179 2601; baseline -0.002 -11"><span class='ocrx_word' id='word_1_146' title='bbox 311 2551 428 2590; x_wconf 83' lang='lat' dir='ltr'><em>semel</em></span> <span class='ocrx_word' id='word_1_147' title='bbox 459 2549 664 2601; x_wconf 81' lang='lat' dir='ltr'><em>justitiam</em></span> <span class='ocrx_word' id='word_1_148' title='bbox 693 2549 869 2588; x_wconf 81' lang='lat' dir='ltr'><em>divinam</em></span> <span class='ocrx_word' id='word_1_149' title='bbox 897 2550 1077 2596; x_wconf 74' lang='lat' dir='ltr'><em>laeserit,</em></span> <span class='ocrx_word' id='word_1_150' title='bbox 1108 2562 1179 2589; x_wconf 88' lang='lat' dir='ltr'><em>nec</em></span> 
     </span>
     <span class='ocr_line' id='line_1_31' title="bbox 313 2616 1179 2657; baseline -0.002 0"><span class='ocrx_word' id='word_1_151' title='bbox 313 2620 436 2657; x_wconf 85' lang='lat' dir='ltr'><em>latere</em></span> <span class='ocrx_word' id='word_1_152' title='bbox 465 2631 549 2656; x_wconf 86' lang='lat' dir='ltr'><em>eum</em></span> <span class='ocrx_word' id='word_1_153' title='bbox 577 2617 727 2656; x_wconf 84' lang='lat' dir='ltr'><em>sinunt.</em></span> <span class='ocrx_word' id='word_1_154' title='bbox 771 2616 953 2656; x_wconf 88' lang='lat' dir='ltr'><em>Brevius:</em></span> <span class='ocrx_word' id='word_1_155' title='bbox 989 2617 1179 2656; x_wconf 73' lang='lat' dir='ltr'><em>-Divitiae</em></span> 
     </span>
     <span class='ocr_line' id='line_1_32' title="bbox 311 2683 1178 2736; baseline 0 -12"><span class='ocrx_word' id='word_1_156' title='bbox 311 2700 333 2724; x_wconf 83' lang='lat' dir='ltr'>a</span> <span class='ocrx_word' id='word_1_157' title='bbox 363 2685 515 2736; x_wconf 83' lang='lat' dir='ltr'><em>justitia</em></span> <span class='ocrx_word' id='word_1_158' title='bbox 554 2684 748 2736; x_wconf 78' lang='lat' dir='ltr'><em>sejunctae</em></span> <span class='ocrx_word' id='word_1_159' title='bbox 775 2683 983 2725; x_wconf 86' lang='lat' dir='ltr'><em>obnoxium</em></span> <span class='ocrx_word' id='word_1_160' title='bbox 1014 2684 1178 2724; x_wconf 84' lang='lat' dir='ltr'><em>reddunt</em></span> 
     </span>
     <span class='ocr_line' id='line_1_33' title="bbox 311 2752 1175 2804; baseline -0.002 -12"><span class='ocrx_word' id='word_1_161' title='bbox 311 2752 574 2792; x_wconf 81' lang='lat' dir='ltr'><em>insolentiae.”</em></span> <span class='ocrx_word' id='word_1_162' title='bbox 615 2752 720 2791; x_wconf 83' lang='lat' dir='ltr'><em>Huic</em></span> <span class='ocrx_word' id='word_1_163' title='bbox 735 2752 945 2791; x_wconf 82' lang='lat' dir='ltr'><em>sententiae</em></span> <span class='ocrx_word' id='word_1_164' title='bbox 960 2765 1175 2804; x_wconf 79' lang='lat' dir='ltr'><em>congruum</em></span> 
     </span>
     <span class='ocr_line' id='line_1_34' title="bbox 313 2818 1179 2875; baseline 0.005 -17"><span class='ocrx_word' id='word_1_165' title='bbox 313 2823 370 2859; x_wconf 78' lang='lat' dir='ltr'><em>est</em></span> <span class='ocrx_word' id='word_1_166' title='bbox 393 2820 493 2871; x_wconf 89' lang='lat' dir='ltr'><em>quod</em></span> <span class='ocrx_word' id='word_1_167' title='bbox 521 2820 720 2872; x_wconf 80' lang='lat' dir='ltr'><em>sequitur:</em></span> <span class='ocrx_word' id='word_1_168' title='bbox 750 2825 892 2875; x_wconf 78' lang='grc' dir='ltr'><em>βιᾶται</em></span> <span class='ocrx_word' id='word_1_169' title='bbox 922 2818 994 2860; x_wconf 74' lang='grc' dir='ltr'><em>δὀἱ</em></span> <span class='ocrx_word' id='word_1_170' title='bbox 1019 2822 1179 2863; x_wconf 83' lang='grc' dir='ltr'><em>τάλαινα</em></span> 
     </span>
     <span class='ocr_line' id='line_1_35' title="bbox 312 2888 1177 2940; baseline -0.002 -11"><span class='ocrx_word' id='word_1_171' title='bbox 312 2892 450 2932; x_wconf 81' lang='grc' dir='ltr'><em>πειθώ,</em></span> <span class='ocrx_word' id='word_1_172' title='bbox 495 2888 664 2940; x_wconf 81' lang='lat' dir='ltr'><em>impellit</em></span> <span class='ocrx_word' id='word_1_173' title='bbox 696 2900 782 2927; x_wconf 90' lang='lat' dir='ltr'><em>eum</em></span> <span class='ocrx_word' id='word_1_174' title='bbox 816 2889 887 2937; x_wconf 83' lang='lat' dir='ltr'><em>(acl</em></span> <span class='ocrx_word' id='word_1_175' title='bbox 911 2888 1177 2936; x_wconf 77' lang='lat' dir='ltr'><em>insolentiam)</em></span> 
     </span>
     <span class='ocr_line' id='line_1_36' title="bbox 303 2955 1176 3008; baseline 0 -14"><span class='ocrx_word' id='word_1_176' title='bbox 303 2956 475 3007; x_wconf 80' lang='lat' dir='ltr'><em>pessima</em></span> <span class='ocrx_word' id='word_1_177' title='bbox 501 2955 718 2995; x_wconf 76' lang='lat' dir='ltr'><em>consultrix</em></span> <span class='ocrx_word' id='word_1_178' title='bbox 733 2956 890 3002; x_wconf 83' lang='lat' dir='ltr'><em>Suada,</em></span> <span class='ocrx_word' id='word_1_179' title='bbox 920 2955 1176 3008; x_wconf 74' lang='lat' dir='ltr'><em>Noxaefitia.</em></span> 
     </span>
     <span class='ocr_line' id='line_1_37' title="bbox 312 3021 1178 3078; baseline 0.001 -17"><span class='ocrx_word' id='word_1_180' title='bbox 312 3022 435 3074; x_wconf 83' lang='lat' dir='ltr'><em>Jung.</em></span> <span class='ocrx_word' id='word_1_181' title='bbox 463 3026 673 3078; x_wconf 76' lang='grc' dir='ltr'><em>πρόβουλος</em></span> <span class='ocrx_word' id='word_1_182' title='bbox 701 3026 728 3063; x_wconf 84' lang='grc' dir='ltr'><strong><em>ἁ</em></strong></span> <span class='ocrx_word' id='word_1_183' title='bbox 756 3025 916 3064; x_wconf 85' lang='grc' dir='ltr'><em>τάλαινα</em></span> <span class='ocrx_word' id='word_1_184' title='bbox 940 3026 1069 3065; x_wconf 82' lang='grc' dir='ltr'><em>πειθὼ.</em></span> <span class='ocrx_word' id='word_1_185' title='bbox 1114 3021 1178 3062; x_wconf 82' lang='lat' dir='ltr'><em>Sic</em></span> 
     </span>
     <span class='ocr_line' id='line_1_38' title="bbox 312 3090 1175 3147; baseline 0.002 -19"><span class='ocrx_word' id='word_1_186' title='bbox 312 3103 369 3128; x_wconf 86' lang='lat' dir='ltr'><em>vs.</em></span> <span class='ocrx_word' id='word_1_187' title='bbox 384 3090 482 3129; x_wconf 81' lang='lat'>222:</span> <span class='ocrx_word' id='word_1_188' title='bbox 502 3094 759 3146; x_wconf 79' lang='grc' dir='ltr'><em>αἰσχρόμητις</em></span> <span class='ocrx_word' id='word_1_189' title='bbox 778 3093 936 3131; x_wconf 88' lang='grc' dir='ltr'><em>τάλαινα</em></span> <span class='ocrx_word' id='word_1_190' title='bbox 950 3094 1175 3147; x_wconf 86' lang='grc' dir='ltr'><em>παρακοπά.</em></span> 
     </span>
     <span class='ocr_line' id='line_1_39' title="bbox 314 3157 1178 3213; baseline 0 -17"><span class='ocrx_word' id='word_1_191' title='bbox 314 3157 496 3196; x_wconf 87' lang='lat' dir='ltr'><em>Ceterum</em></span> <span class='ocrx_word' id='word_1_192' title='bbox 540 3159 643 3210; x_wconf 81' lang='grc' dir='ltr'>δίκη,</span> <span class='ocrx_word' id='word_1_193' title='bbox 687 3163 817 3213; x_wconf 85' lang='grc' dir='ltr'><em>κόρος,</em></span> <span class='ocrx_word' id='word_1_194' title='bbox 849 3162 968 3198; x_wconf 84' lang='grc' dir='ltr'><em>πειθώ</em></span> <span class='ocrx_word' id='word_1_195' title='bbox 994 3163 1178 3209; x_wconf 76' lang='lat' dir='ltr'><em>tanquam</em></span> 
     </span>
     <span class='ocr_line' id='line_1_40' title="bbox 312 3224 1178 3281; baseline 0 -18"><span class='ocrx_word' id='word_1_196' title='bbox 312 3237 496 3277; x_wconf 83' lang='lat' dir='ltr'><em>personne</em></span> <span class='ocrx_word' id='word_1_197' title='bbox 534 3225 678 3277; x_wconf 85' lang='lat' dir='ltr'><em>positae</em></span> <span class='ocrx_word' id='word_1_198' title='bbox 719 3228 830 3270; x_wconf 85' lang='lat' dir='ltr'><em>sunt3</em></span> <span class='ocrx_word' id='word_1_199' title='bbox 878 3230 984 3281; x_wconf 81' lang='grc' dir='ltr'><em>κόρος</em></span> <span class='ocrx_word' id='word_1_200' title='bbox 1021 3226 1078 3264; x_wconf 81' lang='lat' dir='ltr'><em>est</em></span> <span class='ocrx_word' id='word_1_201' title='bbox 1109 3224 1178 3263; x_wconf 86' lang='lat' dir='ltr'><em>dea</em></span> 
     </span>
     <span class='ocr_line' id='line_1_41' title="bbox 311 3291 1086 3348; baseline 0 -18"><span class='ocrx_word' id='word_1_202' title='bbox 311 3304 408 3344; x_wconf 88' lang='lat' dir='ltr'><em>quae</em></span> <span class='ocrx_word' id='word_1_203' title='bbox 435 3292 480 3330; x_wconf 85' lang='lat' dir='ltr'><em>ad</em></span> <span class='ocrx_word' id='word_1_204' title='bbox 509 3291 773 3337; x_wconf 84' lang='lat' dir='ltr'><em>insolentiam,</em></span> <span class='ocrx_word' id='word_1_205' title='bbox 803 3293 936 3348; x_wconf 78' lang='grc' dir='ltr'><em>ὕβριν,</em></span> <span class='ocrx_word' id='word_1_206' title='bbox 969 3291 1086 3331; x_wconf 73' lang='lat' dir='ltr'><em>ducit.</em></span> 
     </span>
     <span class='ocr_line' id='line_1_42' title="bbox 365 3360 1173 3416; baseline 0.004 -18"><span class='ocrx_word' id='word_1_207' title='bbox 365 3360 460 3399; x_wconf 87' lang='lat'><strong>350.</strong></span> <span class='ocrx_word' id='word_1_208' title='bbox 491 3372 573 3411; x_wconf 83' lang='lat' dir='ltr'><em>sqq.</em></span> <span class='ocrx_word' id='word_1_209' title='bbox 603 3362 665 3400; x_wconf 79' lang='grc' dir='ltr'><em>οὐκ</em></span> <span class='ocrx_word' id='word_1_210' title='bbox 680 3360 864 3415; x_wconf 77' lang='grc' dir='ltr'><em>ἐκρύφθη,</em></span> <span class='ocrx_word' id='word_1_211' title='bbox 886 3366 1027 3416; x_wconf 85' lang='grc' dir='ltr'><em>πρέπει</em></span> <span class='ocrx_word' id='word_1_212' title='bbox 1041 3360 1080 3400; x_wconf 80' lang='grc' dir='ltr'><em>δὲ</em></span> <span class='ocrx_word' id='word_1_213' title='bbox 1095 3363 1173 3401; x_wconf 84' lang='grc' dir='ltr'><em>κτὲ.</em></span> 
     </span>
     <span class='ocr_line' id='line_1_43' title="bbox 316 3426 1177 3478; baseline 0.002 -14"><span class='ocrx_word' id='word_1_214' title='bbox 316 3426 525 3478; x_wconf 66' lang='grc' dir='ltr'><em>ιιΙιῄιιεῒηε</em></span> <span class='ocrx_word' id='word_1_215' title='bbox 567 3440 642 3466; x_wconf 87' lang='lat' dir='ltr'><em>non</em></span> <span class='ocrx_word' id='word_1_216' title='bbox 686 3427 801 3473; x_wconf 77' lang='lat' dir='ltr'><em>latet,</em></span> <span class='ocrx_word' id='word_1_217' title='bbox 845 3427 909 3465; x_wconf 87' lang='lat' dir='ltr'><em>sed</em></span> <span class='ocrx_word' id='word_1_218' title='bbox 954 3430 1025 3476; x_wconf 86' lang='lat' dir='ltr'><em>(ut)</em></span> <span class='ocrx_word' id='word_1_219' title='bbox 1066 3428 1177 3466; x_wconf 84' lang='lat' dir='ltr'><em>triste</em></span> 
     </span>
     <span class='ocr_line' id='line_1_44' title="bbox 311 3492 1176 3546; baseline 0 -14"><span class='ocrx_word' id='word_1_220' title='bbox 311 3493 442 3533; x_wconf 88' lang='lat' dir='ltr'><em>lumen</em></span> <span class='ocrx_word' id='word_1_221' title='bbox 469 3493 599 3541; x_wconf 80' lang='lat' dir='ltr'><em>ardet,</em></span> <span class='ocrx_word' id='word_1_222' title='bbox 623 3496 737 3546; x_wconf 83' lang='lat' dir='ltr'><em>atque</em></span> <span class='ocrx_word' id='word_1_223' title='bbox 757 3494 829 3544; x_wconf 82' lang='lat' dir='ltr'><em>(ut)</em></span> <span class='ocrx_word' id='word_1_224' title='bbox 845 3492 1100 3533; x_wconf 81' lang='lat' dir='ltr'><em>adulterinum</em></span> <span class='ocrx_word' id='word_1_225' title='bbox 1114 3507 1176 3533; x_wconf 85' lang='lat' dir='ltr'><em>aes</em></span> 
     </span>
     <span class='ocr_line' id='line_1_45' title="bbox 313 3561 1175 3613; baseline 0.003 -13"><span class='ocrx_word' id='word_1_226' title='bbox 313 3561 448 3601; x_wconf 85' lang='lat' dir='ltr'><em>attritu</em></span> <span class='ocrx_word' id='word_1_227' title='bbox 486 3564 524 3601; x_wconf 78' lang='lat' dir='ltr'><em>et</em></span> <span class='ocrx_word' id='word_1_228' title='bbox 565 3561 738 3601; x_wconf 82' lang='lat' dir='ltr'><em>sordibus</em></span> <span class='ocrx_word' id='word_1_229' title='bbox 775 3561 978 3613; x_wconf 82' lang='lat' dir='ltr'><em>nigrescit;</em></span> <span class='ocrx_word' id='word_1_230' title='bbox 1020 3562 1175 3603; x_wconf 83' lang='grc' dir='ltr'><em>δικαιω-</em></span> 
     </span>
    </p>
   </div>
   <div class='ocr_carea' id='block_1_23' title="bbox 1256 2073 2130 3613">
    <p class='ocr_par' dir='ltr' id='par_1_23' title="bbox 1257 2073 2130 2656">
     <span class='ocr_line' id='line_1_46' title="bbox 1259 2073 2128 2126; baseline -0.002 -11"><span class='ocrx_word' id='word_1_231' title='bbox 1259 2075 1358 2125; x_wconf 79' lang='grc' dir='ltr'><em>θείς,</em></span> <span class='ocrx_word' id='word_1_232' title='bbox 1391 2074 1495 2125; x_wconf 75' lang='lat' dir='ltr'><em>juste</em></span> <span class='ocrx_word' id='word_1_233' title='bbox 1523 2073 1703 2126; x_wconf 81' lang='lat' dir='ltr'><em>punitus,</em></span> <span class='ocrx_word' id='word_1_234' title='bbox 1736 2074 1847 2126; x_wconf 86' lang='lat' dir='ltr'><em>quia,</em></span> <span class='ocrx_word' id='word_1_235' title='bbox 1880 2074 1970 2113; x_wconf 88' lang='lat' dir='ltr'><em>dum</em></span> <span class='ocrx_word' id='word_1_236' title='bbox 2000 2074 2128 2125; x_wconf 84' lang='lat' dir='ltr'><em>(sicut)</em></span> 
     </span>
     <span class='ocr_line' id='line_1_47' title="bbox 1259 2141 2126 2194; baseline 0.001 -14"><span class='ocrx_word' id='word_1_237' title='bbox 1259 2155 1354 2194; x_wconf 88' lang='lat' dir='ltr'><em>puer</em></span> <span class='ocrx_word' id='word_1_238' title='bbox 1377 2141 1564 2181; x_wconf 80' lang='lat' dir='ltr'><em>aviculam</em></span> <span class='ocrx_word' id='word_1_239' title='bbox 1585 2142 1814 2189; x_wconf 78' lang='lat' dir='ltr'><em>insectatur,</em></span> <span class='ocrx_word' id='word_1_240' title='bbox 1832 2141 1976 2182; x_wconf 82' lang='lat' dir='ltr'><em>civitati</em></span> <span class='ocrx_word' id='word_1_241' title='bbox 1991 2142 2126 2192; x_wconf 85' lang='lat' dir='ltr'><em>ingen·</em></span> 
     </span>
     <span class='ocr_line' id='line_1_48' title="bbox 1257 2209 2130 2263; baseline 0 -14"><span class='ocrx_word' id='word_1_242' title='bbox 1257 2213 1336 2249; x_wconf 85' lang='lat' dir='ltr'><em>tem</em></span> <span class='ocrx_word' id='word_1_243' title='bbox 1359 2209 1483 2249; x_wconf 88' lang='lat' dir='ltr'><em>labem</em></span> <span class='ocrx_word' id='word_1_244' title='bbox 1508 2209 1743 2263; x_wconf 83' lang='lat' dir='ltr'><em>adspergit.”</em></span> <span class='ocrx_word' id='word_1_245' title='bbox 1774 2210 1927 2250; x_wconf 86' lang='lat' dir='ltr'><em>Omissa</em></span> <span class='ocrx_word' id='word_1_246' title='bbox 1941 2210 2130 2263; x_wconf 82' lang='lat' dir='ltr'><em>particula</em></span> 
     </span>
     <span class='ocr_line' id='line_1_49' title="bbox 1259 2277 2128 2331; baseline -0.002 -12"><span class='ocrx_word' id='word_1_247' title='bbox 1259 2282 1307 2324; x_wconf 87' lang='grc' dir='ltr'><em>ὡς</em></span> <span class='ocrx_word' id='word_1_248' title='bbox 1322 2309 1331 2324; x_wconf 90' lang='grc'><strong><em>,</em></strong></span> <span class='ocrx_word' id='word_1_249' title='bbox 1363 2277 1571 2317; x_wconf 79' lang='lat' dir='ltr'><em>similitudo</em></span> <span class='ocrx_word' id='word_1_250' title='bbox 1595 2291 1681 2317; x_wconf 86' lang='lat' dir='ltr'><em>cum</em></span> <span class='ocrx_word' id='word_1_251' title='bbox 1708 2278 1791 2331; x_wconf 85' lang='lat' dir='ltr'><em>ipsa</em></span> <span class='ocrx_word' id='word_1_252' title='bbox 1816 2291 1858 2317; x_wconf 88' lang='lat' dir='ltr'><em>re</em></span> <span class='ocrx_word' id='word_1_253' title='bbox 1883 2277 1944 2317; x_wconf 91' lang='lat' dir='ltr'><em>vel</em></span> <span class='ocrx_word' id='word_1_254' title='bbox 1966 2291 2128 2330; x_wconf 87' lang='lat' dir='ltr'><em>persona</em></span> 
     </span>
     <span class='ocr_line' id='line_1_50' title="bbox 1257 2346 2127 2398; baseline 0 -13"><span class='ocrx_word' id='word_1_255' title='bbox 1257 2346 1304 2385; x_wconf 84' lang='lat' dir='ltr'><em>ad</em></span> <span class='ocrx_word' id='word_1_256' title='bbox 1342 2359 1455 2396; x_wconf 90' lang='lat' dir='ltr'><em>quam</em></span> <span class='ocrx_word' id='word_1_257' title='bbox 1499 2346 1666 2385; x_wconf 82' lang='lat' dir='ltr'><em>refertur</em></span> <span class='ocrx_word' id='word_1_258' title='bbox 1693 2346 1841 2398; x_wconf 67' lang='lat' dir='ltr'><em>poetice</em></span> <span class='ocrx_word' id='word_1_259' title='bbox 1866 2346 2127 2386; x_wconf 85' lang='lat' dir='ltr'><em>confunditur.</em></span> 
     </span>
     <span class='ocr_line' id='line_1_51' title="bbox 1259 2414 2129 2470; baseline -0.003 -16"><span class='ocrx_word' id='word_1_260' title='bbox 1259 2415 1381 2455; x_wconf 79' lang='grc' dir='ltr'><em>διώκει</em></span> <span class='ocrx_word' id='word_1_261' title='bbox 1431 2419 1522 2460; x_wconf 86' lang='grc' dir='ltr'><em>παῖς</em></span> <span class='ocrx_word' id='word_1_262' title='bbox 1569 2417 1729 2455; x_wconf 73' lang='grc' dir='ltr'><em>ποτα-,ὸν</em></span> <span class='ocrx_word' id='word_1_263' title='bbox 1766 2414 1863 2470; x_wconf 78' lang='grc' dir='ltr'><em>ὄρνιν</em></span> <span class='ocrx_word' id='word_1_264' title='bbox 1897 2416 2065 2452; x_wconf 87' lang='lat' dir='ltr'><em>sumtum</em></span> <span class='ocrx_word' id='word_1_265' title='bbox 2108 2426 2129 2451; x_wconf 87' lang='lat' dir='ltr'><em>e</em></span> 
     </span>
     <span class='ocr_line' id='line_1_52' title="bbox 1258 2480 2128 2534; baseline -0.001 -14"><span class='ocrx_word' id='word_1_266' title='bbox 1258 2480 1462 2534; x_wconf 86' lang='lat' dir='ltr'><em>proverbio</em></span> <span class='ocrx_word' id='word_1_267' title='bbox 1492 2486 1543 2522; x_wconf 86' lang='grc' dir='ltr'><em>τὰ</em></span> <span class='ocrx_word' id='word_1_268' title='bbox 1571 2487 1764 2534; x_wconf 81' lang='grc' dir='ltr'><em>πετόμενα</em></span> <span class='ocrx_word' id='word_1_269' title='bbox 1789 2483 1942 2522; x_wconf 81' lang='grc' dir='ltr'><em>διώκειν.</em></span> <span class='ocrx_word' id='word_1_270' title='bbox 1974 2481 2128 2520; x_wconf 85' lang='lat' dir='ltr'><em>Persius</em></span> 
     </span>
     <span class='ocr_line' id='line_1_53' title="bbox 1259 2549 2127 2602; baseline 0.001 -15"><span class='ocrx_word' id='word_1_271' title='bbox 1259 2551 1340 2588; x_wconf 79' lang='lat' dir='ltr'><em>Sat.</em></span> <span class='ocrx_word' id='word_1_272' title='bbox 1370 2549 1442 2587; x_wconf 90' lang='lat' dir='ltr'><em>III</em></span> <span class='ocrx_word' id='word_1_273' title='bbox 1458 2581 1468 2596; x_wconf 94' lang='lat'><em>,</em></span> <span class='ocrx_word' id='word_1_274' title='bbox 1501 2550 1548 2588; x_wconf 88' lang='lat'><em>61</em></span> <span class='ocrx_word' id='word_1_275' title='bbox 1571 2567 1579 2587; x_wconf 90' lang='lat'>:</span> <span class='ocrx_word' id='word_1_276' title='bbox 1620 2551 1767 2600; x_wconf 78' lang='lat' dir='ltr'><em>passim</em></span> <span class='ocrx_word' id='word_1_277' title='bbox 1795 2549 1968 2602; x_wconf 82' lang='lat' dir='ltr'><em>sequeris</em></span> <span class='ocrx_word' id='word_1_278' title='bbox 1995 2561 2127 2589; x_wconf 81' lang='lat' dir='ltr'><em>corvos</em></span> 
     </span>
     <span class='ocr_line' id='line_1_54' title="bbox 1259 2616 1782 2656; baseline 0.002 -1"><span class='ocrx_word' id='word_1_279' title='bbox 1259 2621 1406 2656; x_wconf 81' lang='lat' dir='ltr'><em>testave</em></span> <span class='ocrx_word' id='word_1_280' title='bbox 1433 2618 1598 2655; x_wconf 79' lang='lat' dir='ltr'><em>lutovc?</em></span> <span class='ocrx_word' id='word_1_281' title='bbox 1640 2616 1782 2656; x_wconf 81' lang='lat' dir='ltr'><em>Blomf.</em></span> 
     </span>
    </p>

    <p class='ocr_par' dir='ltr' id='par_1_24' title="bbox 1256 2685 2127 3613">
     <span class='ocr_line' id='line_1_55' title="bbox 1313 2685 2126 2741; baseline 0.002 -18"><span class='ocrx_word' id='word_1_282' title='bbox 1313 2685 1406 2723; x_wconf 81' lang='lat'>352.</span> <span class='ocrx_word' id='word_1_283' title='bbox 1438 2688 1551 2726; x_wconf 79' lang='grc' dir='ltr'><em>κακοῦ</em></span> <span class='ocrx_word' id='word_1_284' title='bbox 1580 2685 1619 2724; x_wconf 88' lang='grc' dir='ltr'><em>δὲ</em></span> <span class='ocrx_word' id='word_1_285' title='bbox 1652 2687 1794 2738; x_wconf 77' lang='grc' dir='ltr'><em>χαλκοῦ</em></span> <span class='ocrx_word' id='word_1_286' title='bbox 1821 2691 1972 2741; x_wconf 85' lang='grc' dir='ltr'><em>τρόπον.</em></span> <span class='ocrx_word' id='word_1_287' title='bbox 2023 2687 2126 2738; x_wconf 88' lang='grc' dir='ltr'><em>χαλ-</em></span> 
     </span>
     <span class='ocr_line' id='line_1_56' title="bbox 1260 2751 2124 2805; baseline -0.001 -13"><span class='ocrx_word' id='word_1_288' title='bbox 1260 2755 1319 2793; x_wconf 82' lang='grc' dir='ltr'><em>κὸν</em></span> <span class='ocrx_word' id='word_1_289' title='bbox 1344 2752 1515 2805; x_wconf 82' lang='lat' dir='ltr'><em>intellige</em></span> <span class='ocrx_word' id='word_1_290' title='bbox 1542 2764 1658 2791; x_wconf 83' lang='lat' dir='ltr'><em>aenea</em></span> <span class='ocrx_word' id='word_1_291' title='bbox 1686 2765 1798 2799; x_wconf 82' lang='lat' dir='ltr'><em>vasa,</em></span> <span class='ocrx_word' id='word_1_292' title='bbox 1829 2753 1957 2804; x_wconf 86' lang='lat' dir='ltr'><em>signa,</em></span> <span class='ocrx_word' id='word_1_293' title='bbox 1995 2751 2124 2804; x_wconf 83' lang='lat' dir='ltr'><em>supel-</em></span> 
     </span>
     <span class='ocr_line' id='line_1_57' title="bbox 1257 2818 2126 2871; baseline 0.001 -13"><span class='ocrx_word' id='word_1_294' title='bbox 1257 2819 1435 2858; x_wconf 78' lang='lat' dir='ltr'><em>lectilem.</em></span> <span class='ocrx_word' id='word_1_295' title='bbox 1490 2818 1615 2859; x_wconf 87' lang='lat' dir='ltr'><em>Simili</em></span> <span class='ocrx_word' id='word_1_296' title='bbox 1668 2819 1952 2871; x_wconf 84' lang='lat' dir='ltr'><em>comparatione</em></span> <span class='ocrx_word' id='word_1_297' title='bbox 1998 2820 2126 2863; x_wconf 75' lang='lat' dir='ltr'><em>utitur</em></span> 
     </span>
     <span class='ocr_line' id='line_1_58' title="bbox 1258 2886 2125 2940; baseline 0 -14"><span class='ocrx_word' id='word_1_298' title='bbox 1258 2886 1465 2940; x_wconf 87' lang='lat' dir='ltr'><em>Sophocles</em></span> <span class='ocrx_word' id='word_1_299' title='bbox 1495 2887 1533 2926; x_wconf 90' lang='lat' dir='ltr'><em>in</em></span> <span class='ocrx_word' id='word_1_300' title='bbox 1564 2887 1706 2938; x_wconf 79' lang='lat' dir='ltr'><em>fragm.</em></span> <span class='ocrx_word' id='word_1_301' title='bbox 1721 2900 1784 2939; x_wconf 79' lang='lat' dir='ltr'><em>ap.</em></span> <span class='ocrx_word' id='word_1_302' title='bbox 1801 2886 1999 2926; x_wconf 76' lang='lat' dir='ltr'><strong>Plutarch.</strong></span> <span class='ocrx_word' id='word_1_303' title='bbox 2018 2888 2125 2927; x_wconf 80' lang='lat' dir='ltr'><em>Mor.</em></span> 
     </span>
     <span class='ocr_line' id='line_1_59' title="bbox 1258 2956 2125 3011; baseline 0.003 -18"><span class='ocrx_word' id='word_1_304' title='bbox 1258 2969 1298 3008; x_wconf 88' lang='lat' dir='ltr'><em>p.</em></span> <span class='ocrx_word' id='word_1_305' title='bbox 1356 2956 1488 2994; x_wconf 80' lang='lat'>1129:</span> <span class='ocrx_word' id='word_1_306' title='bbox 1546 2957 1694 3008; x_wconf 81' lang='grc' dir='ltr'><em>λάμπει</em></span> <span class='ocrx_word' id='word_1_307' title='bbox 1745 2959 1822 3011; x_wconf 76' lang='grc' dir='ltr'><em>γὰρ</em></span> <span class='ocrx_word' id='word_1_308' title='bbox 1877 2959 1914 2994; x_wconf 80' lang='grc' dir='ltr'><em>ἐν</em></span> <span class='ocrx_word' id='word_1_309' title='bbox 1956 2957 2125 3011; x_wconf 72' lang='grc' dir='ltr'><em>χρείαισι</em></span> 
     </span>
     <span class='ocr_line' id='line_1_60' title="bbox 1260 3021 2126 3079; baseline -0.003 -15"><span class='ocrx_word' id='word_1_310' title='bbox 1260 3027 1391 3079; x_wconf 82' lang='grc' dir='ltr'><em>ὥσπερ</em></span> <span class='ocrx_word' id='word_1_311' title='bbox 1437 3025 1579 3075; x_wconf 77' lang='grc' dir='ltr'><em>εὐγενὴς</em></span> <span class='ocrx_word' id='word_1_312' title='bbox 1621 3024 1773 3076; x_wconf 83' lang='grc' dir='ltr'><em>χαλκός.</em></span> <span class='ocrx_word' id='word_1_313' title='bbox 1831 3023 1916 3063; x_wconf 86' lang='lat' dir='ltr'><em>Nec</em></span> <span class='ocrx_word' id='word_1_314' title='bbox 1943 3021 2126 3061; x_wconf 85' lang='lat' dir='ltr'><em>dissimile</em></span> 
     </span>
     <span class='ocr_line' id='line_1_61' title="bbox 1257 3089 2127 3142; baseline 0 -13"><span class='ocrx_word' id='word_1_315' title='bbox 1257 3091 1358 3142; x_wconf 88' lang='lat' dir='ltr'><em>quod</em></span> <span class='ocrx_word' id='word_1_316' title='bbox 1399 3090 1587 3129; x_wconf 79' lang='lat' dir='ltr'><em>Horatius</em></span> <span class='ocrx_word' id='word_1_317' title='bbox 1628 3092 1710 3129; x_wconf 81' lang='lat' dir='ltr'><em>Sat.</em></span> <span class='ocrx_word' id='word_1_318' title='bbox 1752 3090 1802 3136; x_wconf 92' lang='grc' dir='ltr'><em>Ι,</em></span> <span class='ocrx_word' id='word_1_319' title='bbox 1842 3090 1891 3136; x_wconf 89' lang='grc'><em>3,</em></span> <span class='ocrx_word' id='word_1_320' title='bbox 1941 3091 1991 3128; x_wconf 86' lang='grc'><em>56</em></span> <span class='ocrx_word' id='word_1_321' title='bbox 2035 3089 2127 3129; x_wconf 78' lang='lat' dir='ltr'><em>dicit</em></span> 
     </span>
     <span class='ocr_line' id='line_1_62' title="bbox 1256 3156 2122 3202; baseline -0.001 -5"><span class='ocrx_word' id='word_1_322' title='bbox 1256 3159 1449 3197; x_wconf 83' lang='lat' dir='ltr'><em>sincerum</em></span> <span class='ocrx_word' id='word_1_323' title='bbox 1476 3170 1544 3196; x_wconf 84' lang='lat' dir='ltr'><em>vas</em></span> <span class='ocrx_word' id='word_1_324' title='bbox 1571 3157 1815 3202; x_wconf 74' lang='lat' dir='ltr'><em>incrustare,</em></span> <span class='ocrx_word' id='word_1_325' title='bbox 1844 3156 1886 3195; x_wconf 90' lang='lat' dir='ltr'><em>h.</em></span> <span class='ocrx_word' id='word_1_326' title='bbox 1902 3169 1936 3194; x_wconf 90' lang='lat' dir='ltr'><em>e.</em></span> <span class='ocrx_word' id='word_1_327' title='bbox 1963 3169 2028 3196; x_wconf 84' lang='lat' dir='ltr'><em>vas</em></span> <span class='ocrx_word' id='word_1_328' title='bbox 2043 3157 2122 3196; x_wconf 90' lang='lat' dir='ltr'><em>sin-</em></span> 
     </span>
     <span class='ocr_line' id='line_1_63' title="bbox 1258 3222 2122 3275; baseline -0.001 -11"><span class='ocrx_word' id='word_1_329' title='bbox 1258 3225 1336 3264; x_wconf 87' lang='lat' dir='ltr'><em>ceri</em></span> <span class='ocrx_word' id='word_1_330' title='bbox 1376 3224 1474 3263; x_wconf 86' lang='lat' dir='ltr'><em>aeris</em></span> <span class='ocrx_word' id='word_1_331' title='bbox 1515 3226 1643 3263; x_wconf 77' lang='lat' dir='ltr'><em>crusta</em></span> <span class='ocrx_word' id='word_1_332' title='bbox 1684 3222 1894 3270; x_wconf 87' lang='lat' dir='ltr'><em>obducere,</em></span> <span class='ocrx_word' id='word_1_333' title='bbox 1925 3236 2017 3275; x_wconf 87' lang='lat' dir='ltr'><em>pro:</em></span> <span class='ocrx_word' id='word_1_334' title='bbox 2051 3224 2122 3263; x_wconf 91' lang='lat' dir='ltr'><em>ho·</em></span> 
     </span>
     <span class='ocr_line' id='line_1_64' title="bbox 1256 3290 2123 3343; baseline 0.002 -13"><span class='ocrx_word' id='word_1_335' title='bbox 1256 3291 1352 3331; x_wconf 87' lang='lat' dir='ltr'><em>mini</em></span> <span class='ocrx_word' id='word_1_336' title='bbox 1383 3291 1502 3343; x_wconf 89' lang='lat' dir='ltr'>probo</span> <span class='ocrx_word' id='word_1_337' title='bbox 1539 3290 1726 3330; x_wconf 83' lang='lat' dir='ltr'><em>maculam</em></span> <span class='ocrx_word' id='word_1_338' title='bbox 1755 3291 1996 3343; x_wconf 82' lang='lat' dir='ltr'><em>adspergere.</em></span> <span class='ocrx_word' id='word_1_339' title='bbox 2045 3308 2123 3343; x_wconf 84' lang='grc' dir='ltr'><em>με-</em></span> 
     </span>
     <span class='ocr_line' id='line_1_65' title="bbox 1258 3358 2122 3412; baseline 0 -13"><span class='ocrx_word' id='word_1_340' title='bbox 1258 3361 1463 3411; x_wconf 79' lang='grc' dir='ltr'><em>λαμπαγὴς</em></span> <span class='ocrx_word' id='word_1_341' title='bbox 1489 3358 1667 3411; x_wconf 76' lang='lat' dir='ltr'><em>producit</em></span> <span class='ocrx_word' id='word_1_342' title='bbox 1701 3375 1748 3408; x_wconf 85' lang='grc' dir='ltr'><em>α,</em></span> <span class='ocrx_word' id='word_1_343' title='bbox 1793 3371 1836 3397; x_wconf 83' lang='lat' dir='ltr'><em>ex</em></span> <span class='ocrx_word' id='word_1_344' title='bbox 1866 3361 2122 3412; x_wconf 80' lang='grc' dir='ltr'><em>μελαμπηγὴς</em></span> 
     </span>
     <span class='ocr_line' id='line_1_66' title="bbox 1257 3426 2122 3479; baseline 0.002 -15"><span class='ocrx_word' id='word_1_345' title='bbox 1257 3427 1420 3472; x_wconf 82' lang='lat' dir='ltr'><em>factum,</em></span> <span class='ocrx_word' id='word_1_346' title='bbox 1448 3429 1490 3463; x_wconf 82' lang='lat' dir='ltr'><em>ut</em></span> <span class='ocrx_word' id='word_1_347' title='bbox 1517 3430 1687 3479; x_wconf 84' lang='grc' dir='ltr'><em>ἀνεμόεις</em></span> <span class='ocrx_word' id='word_1_348' title='bbox 1717 3429 1940 3478; x_wconf 57' lang='grc' dir='ltr'><em>(ἠνεμόειςλ,</em></span> <span class='ocrx_word' id='word_1_349' title='bbox 1974 3426 2122 3472; x_wconf 84' lang='grc' dir='ltr'><em>δυςάνε-</em></span> 
     </span>
     <span class='ocr_line' id='line_1_67' title="bbox 1257 3491 2120 3548; baseline -0.003 -14"><span class='ocrx_word' id='word_1_350' title='bbox 1257 3510 1352 3546; x_wconf 85' lang='grc' dir='ltr'><em>μος,</em></span> <span class='ocrx_word' id='word_1_351' title='bbox 1384 3495 1584 3546; x_wconf 78' lang='grc' dir='ltr'><em>εὐάνεμος,</em></span> <span class='ocrx_word' id='word_1_352' title='bbox 1611 3496 1765 3548; x_wconf 79' lang='grc' dir='ltr'><em>εὐάνωρ,</em></span> <span class='ocrx_word' id='word_1_353' title='bbox 1797 3491 1869 3532; x_wconf 84' lang='lat' dir='ltr'><em>alia</em></span> <span class='ocrx_word' id='word_1_354' title='bbox 1893 3492 2078 3545; x_wconf 79' lang='lat' dir='ltr'><em>producto</em></span> <span class='ocrx_word' id='word_1_355' title='bbox 2094 3510 2120 3535; x_wconf 88' lang='grc' dir='ltr'><em>α</em></span> 
     </span>
     <span class='ocr_line' id='line_1_68' title="bbox 1257 3559 2022 3613; baseline 0.001 -14"><span class='ocrx_word' id='word_1_356' title='bbox 1257 3563 1492 3613; x_wconf 84' lang='lat' dir='ltr'><em>usurpantur</em></span> <span class='ocrx_word' id='word_1_357' title='bbox 1518 3561 1558 3600; x_wconf 92' lang='lat' dir='ltr'><em>in</em></span> <span class='ocrx_word' id='word_1_358' title='bbox 1588 3561 1750 3600; x_wconf 81' lang='lat' dir='ltr'><em>ehoricis</em></span> <span class='ocrx_word' id='word_1_359' title='bbox 1779 3559 2022 3600; x_wconf 86' lang='lat' dir='ltr'><em>carminibus.</em></span> 
     </span>
    </p>
   </div>
  </div>
 </body>
</html>
