2340 3958
364 207 434 255 44⁴
1099 216 1444 261 ΑΙΣΧΥΛΟΥ

359 372 461 422 500
711 371 765 435 ἐξ
798 375 988 439 οὐρανοῦ
1027 373 1125 438 γάρ
1162 374 1290 426 κάπὸ
1328 382 1421 437 γῆς
1458 375 1701 438 λειμώνιαι
2096 394 2173 432 560

694 482 838 544 δρο’σοι
875 480 1250 547 κατεψάκαζον,
1293 482 1495 546 ἔμπεδον
1533 484 1655 542 σίνος

692 590 973 654 ἐσθημάτων
998 589 1214 652 >τιθέντες
1252 593 1454 658 άνθηροὶν
1491 593 1658 659 τρίχα.

689 706 913 767 χειμῶνα
943 701 981 754 δ’
1020 704 1059 755 εἶ
1096 703 1231 766 λέγοι
1270 724 1343 763 τις
1382 704 1695 766 οἰωνοκτόνον,

689 807 777 863 οἷον
815 810 1015 878 παρεῖχ’
1054 810 1264 880 ἄφερτον
1303 811 1457 866 Ἰδαία
1494 815 1613 878 χιὼν
1633 857 1646 874 ,

355 924 458 972 505
687 922 714 982 ἢ
761 919 972 982 θάλπος,
1013 920 1121 975 εὖτε
1160 923 1328 983 πόντος
1367 924 1414 975 ἐν
1453 924 1808 989 μεσημβριναῖς
2088 941 2166 980 565

686 1032 867 1091 κοίταις
905 1033 1104 1097 άκύμων
1143 1033 1351 1098 νηνέμοις
1391 1031 1510 1086 εὕδοι
1555 1034 1743 1086 πεσών·

686 1143 747 1197 τί·
772 1148 939 1197 ταῦτα
978 1144 1158 1196 πενθεῖν
1198 1145 1294 1207 δεῖς
1336 1144 1630 1210 παροίχεται
1671 1143 1809 1202 πόνος
1828 1160 1838 1170 ·

687 1252 980 1319 παροίχεται
1018 1253 1066 1304 δὲ
1104 1258 1224 1305 τοῖσι
1263 1253 1352 1316 μὲν
1390 1252 1655 1313 τεθνηκόσιν

685 1362 739 1414 τὸ
777 1361 958 1426 μήποτ’
999 1359 1129 1420 αὖθις
1169 1360 1279 1426 μηδ’
1319 1364 1587 1424 άναστῆναι
1626 1361 1807 1426 μέλειν.

682 1473 732 1525 τί
767 1473 878 1531 τοὺς
916 1473 1252 1532 ἀναλωθέντας
1295 1475 1343 1525 ἐν
1380 1474 1536 1542 ψήφῳ
1572 1473 1761 1536 λέγειν,
2088 1488 2167 1530 570

684 1583 764 1635 τὸν
802 1582 958 1649 ζῶντα
989 1581 1026 1635 δ’
1066 1585 1243 1647 άλγεῖν
1281 1585 1379 1650 χρὴ
1418 1585 1580 1650 τύχης
1619 1583 1947 1648 παλιγκότους

680 1695 761 1749 καὶ
801 1694 967 1748 πολλα
1004 1695 1193 1761 χαίρειν
1231 1695 1509 1764 ξυμφοραῖς
1547 1694 1782 1758 καταξιῶ.

684 1807 797 1867 ἡμῖν
836 1804 884 1856 δὲ
921 1810 1021 1863 τοῖς
1060 1811 1289 1858 λοιποῖσιν
1327 1804 1556 1872 Ἀργείων
1595 1810 1805 1871 στρατοῦ

686 1920 791 1983 νικᾷ
829 1916 884 1967 τὸ
923 1915 1106 1981 κέρδος,
1148 1922 1296 1979 πῆμα
1328 1915 1366 1968 δ’
1407 1919 1488 1969 οὐκ
1526 1916 1815 1983 ἀντιρρέπει·

353 2029 456 2077 515

685 2026 745 2084 ὡς
784 2025 1040 2090 κομπάσαι
1078 2024 1186 2092 τῷδ’
1226 2026 1347 2086 εἰκὸς
1387 2026 1517 2089 ἡλίου
1556 2027 1703 2095 φάει·

2088 2041 2165 2084 575

346 2196 397 2235 V.
428 2196 521 2237 501.
553 2199 821 2248 κατεψεκάζον.
880 2198 974 2238 502.
1005 2201 1153 2253 ἔνθηρον
1179 2204 1319 2254 τρίχα.

343 2322 444 2373 quod
495 2323 604 2362 Pers.
649 2323 728 2362 939
775 2322 917 2363 dicitur
960 2324 1006 2363 de
1047 2325 1206 2366 occisis:

345 2392 527 2444 τλάμονες
551 2393 781 2448 ἀσπαίρουσι
805 2398 948 2449 χέρσῳ.
965 2415 1018 2422 —-
1042 2401 1206 2449 προςῆν,

342 2459 384 2498 h.
411 2472 448 2499 .e.
484 2459 531 2498 ad
558 2472 674 2512 supra
703 2459 804 2499 dieta
831 2459 933 2499 mala
961 2461 1208 2502 accedebant.

397 2527 488 2567 500.
518 2540 601 2579 sqq.
630 2530 825 2580 λειμώνιαι
855 2529 979 2585 δρόσοι
1002 2552 1057 2558 -
1085 2534 1208 2571 τιθέν-

343 2612 418 2641 τες.
457 2596 520 2634 De
546 2597 651 2635 coelo
678 2601 718 2636 et
745 2601 851 2636 terra
881 2597 1080 2637 stillantes
1108 2599 1210 2638 roris

338 2666 479 2715 quittae
505 2663 732 2703 obtinebant
750 2668 894 2716 prata,
926 2677 1052 2704 meras
1076 2667 1210 2706 sordes

328 2730 532 2784 facientes
561 2731 727 2783 (penitus
764 2733 1070 2784 corrumpentes)
1090 2734 1207 2787 flori-

343 2800 414 2838 dos
440 2799 603 2838 vestium
634 2800 762 2840 villax.
807 2800 932 2856 δρόσοι
962 2799 1026 2839 hio
1053 2802 1135 2840 tam
1164 2801 1209 2841 de

341 2865 425 2913 ipso
467 2878 554 2906 rore
593 2879 708 2918 quam
750 2866 796 2906 de
837 2871 964 2907 terrae
1003 2867 1209 2921 vaporibus

342 2932 500 2972 dictum.
555 2933 606 2974 cf.
636 2934 855 2973 Comment.

400 3001 493 3042 507.
522 3004 756 3056 παροίχεται
784 3007 904 3049 πόνος.
962 3002 995 3041 Ε
1029 3005 1210 3055 sequente

345 3073 578 3124 παροίχεται
619 3071 658 3110 δὲ
700 3076 778 3116 τοῖς
822 3075 1033 3117 τεθνηκόσιν
1074 3075 1210 3124 sponte

344 3137 506 3175 efficitur
546 3137 592 3176 ad
635 3137 742 3189 prius
781 3137 875 3178 illud
916 3138 1243 3191 intelligendum*

344 3216 425 3242 esse
452 3210 531 3250 τοῖς
560 3211 668 3254 ζῶσιν
695 3205 772 3245 sive
801 3210 885 3259 ἐμοὶ
915 3213 1039 3258 ζῶντι.
1095 3207 1209 3246 Cete-

345 3283 432 3310 rum
461 3270 609 3311 dativus
646 3279 725 3319 τοῖς
761 3278 970 3321 τεθνηκόσιν
996 3275 1042 3314 at]
1070 3276 1213 3331 παροί-

346 3355 459 3394 χεται
495 3351 614 3390 369118,
651 3342 765 3391 atque
802 3342 848 3380 ad
889 3355 1048 3394 sequens
1086 3345 1215 3395 μέλειν

346 3407 528 3460 pertinet.
557 3410 601 3447 τὸ
626 3407 716 3459 μηδ’
746 3413 952 3456 ἀναστῆναι
981 3413 1134 3463 μέλειν,
1168 3414 1213 3450 ut

346 3488 396 3514 ne
421 3487 580 3527 suryere
605 3475 759 3528 quidem
780 3490 950 3529 unquam
979 3482 1138 3525 curent,
1157 3479 1215 3516 est

341 3542 477 3582 festiva
504 3541 703 3595 explicatio
731 3543 840 3583 istius
871 3548 1108 3601 παροίχεται
1136 3550 1215 3588 πό·

348 3627 429 3664 νος,
460 3610 592 3651 militis
620 3623 803 3664 personae
833 3611 944 3663 plane
974 3613 1215 3654 conveniens.

1346 2325 1440 2364 510.
1484 2330 1528 2367 τί
1566 2326 1650 2371 τοὺς
1691 2326 1954 2370 ἀναλωθέντας
1991 2323 2069 2364 κτὲ.
2103 2324 2166 2362 τὸν

1291 2401 1423 2444 ζῶντα
1442 2405 1560 2445 aeque
1587 2392 1634 2431 ad
1663 2392 1770 2445 prius
1802 2390 2023 2431 membrum
2050 2392 2165 2442 atque

1289 2461 1337 2501 ad
1364 2460 1554 2514 posterius
1581 2460 1825 2500 referendum
1855 2462 1912 2499 est
1926 2476 1938 2507 3
1970 2458 2072 2511 sign.
2101 2458 2162 2497 vi-

1289 2543 1377 2570 vum
1405 2534 1445 2569 et
1470 2530 1715 2569 incolumem.
1757 2527 1883 2581 nQuid
1908 2527 2047 2567 attinet
2058 2539 2164 2566 mor-

1288 2600 1375 2637 tuos
1402 2609 1599 2636 recensere
1626 2596 1757 2636 vivum
1795 2597 1834 2635 et
1867 2594 2031 2635 eruciari
2057 2594 2162 2634 inco-

1288 2665 1432 2705 lumem
1467 2663 1516 2704 ob
1552 2663 1760 2717 malignam
1803 2664 2022 2710 fortunam,
2065 2674 2162 2714 quae

1289 2732 1382 2773 alios
1401 2744 1540 2784 nempe
1558 2730 1784 2771 absumsit.'’
1825 2730 1932 2770 Huic
1961 2729 2165 2782 respondet

1291 2800 1392 2853 quod
1419 2799 1609 2852 sequitur:
1637 2802 1701 2842 καὶ
1726 2801 1848 2840 πολλὰ
1871 2799 2048 2855 χαίρειν,
2069 2797 2162 2837 lae.

1292 2869 1411 2908 etiam
1465 2880 1695 2920 maqnopere
1751 2867 1980 2906 laetandum
2029 2876 2163 2905 censeo

1290 2939 1429 2975 eventu
1443 2953 1454 2974 :
1494 2953 1512 2968 n
1525 2933 1635 2974 nobis
1659 2946 1750 2974 vero
1766 2931 2061 2986 (superstitibus)
2077 2930 2163 2984 plus

1287 3003 1377 3042 inde
1398 3002 1498 3042 lucri
1518 3015 1635 3054 quam
1662 3001 1792 3041 damni
1819 3000 1957 3041 redit.’'
1988 3004 2023 3040 ἐν
2055 3004 2162 3054 ψήφῳ

1291 3072 1431 3123 λέγειν,
1474 3070 1518 3109 in
1555 3081 1713 3109 numero
1733 3072 1903 3120 putare,
1932 3067 1974 3106 in
2005 3079 2163 3106 censum

1290 3138 1435 3177 referre
1449 3154 1460 3184 3
1491 3138 1662 3175 sumtum
1687 3148 1709 3174 a
1734 3140 1863 3190 ψήφοις
1879 3165 1890 3184 ,
1915 3132 2054 3185 quibus
2076 3132 2160 3174 vul·

1291 3218 1364 3258 gus
1415 3216 1619 3243 numerare
1658 3202 1824 3248 solebat3
1869 3204 1989 3254 λέγειν
2028 3201 2161 3242 eodem

1291 3285 1404 3312 sensu
1445 3285 1519 3324 quo
1561 3271 1700 3310 dicitur
1728 3271 1892 3323 οὐδαμοῦ
1920 3273 2065 3323 λέγειν,
2095 3270 2159 3309 m'-

1293 3339 1369 3379 hili
1394 3343 1566 3392 putare,
1596 3338 1697 3390 apud
1725 3338 1967 3391 Sophoclem.

1351 3408 1443 3446 515.
1489 3410 1536 3453 ὡς
1579 3411 1774 3459 κομπάσαι
1819 3403 1922 3459 τῷδ’.
1995 3404 2158 3444 Dativus

1295 3474 1382 3530 τῷδ’
1411 3476 1512 3521 ἡλίου
1549 3479 1635 3529 φάει
1664 3487 1740 3514 non
1769 3472 2020 3527 explicandus
2045 3473 2162 3513 hocce

1295 3544 1385 3589 die,
1444 3542 1535 3590 sed,
1593 3542 1694 3593 quod
1753 3542 1934 3595 glorianti
1979 3540 2158 3580 eonveni-

1297 3611 1421 3651 entius
1437 3642 1446 3658 ,
1506 3611 1598 3651 huic
1648 3612 1715 3663 qui
1771 3624 1840 3651 nos
1883 3609 2052 3662 adspicit
2084 3610 2159 3649 soli
