2274 3990
824 975 1474 1108 PRAEFArio

310 1674 451 1763 Inter
497 1712 776 1777 pulcerrima
827 1714 1026 1776 tragicae
1079 1714 1232 1778 poesis
1279 1730 1438 1778 opera,
1486 1729 1605 1778 quae
1638 1709 1886 1775 antiquitas
1915 1709 2052 1768 tulit,

244 1815 453 1863 omnium
487 1832 716 1864 consensu
762 1817 983 1865 eximium
1025 1818 1179 1865 locum
1226 1821 1353 1865 tenet
1386 1815 1603 1880 Aeschyli
1638 1815 1886 1872 ORESTEA,
1922 1813 2052 1876 cujus

244 1912 487 1972 dramatis,
524 1914 681 1976 judice
724 1915 773 1964 G.
811 1915 867 1964 O.
901 1916 1125 1973 Mullero,
1162 1914 1501 1978 elegantissimo
1535 1913 1742 1978 poeticae
1777 1912 1886 1960 artis
1921 1910 2054 1959 aesti-

241 2015 436 2070 matore,
470 2016 596 2060 tanta
633 2017 701 2061 est
734 2014 1036 2077 praestantia,
1073 2018 1126 2062 ut
1154 2018 1259 2078 post
1292 2013 1485 2061 Iliadem
1515 2017 1561 2060 et
1589 2011 1846 2076 Odysseam
1868 2009 2051 2058 nullum

239 2113 405 2173 potima
449 2110 557 2158 huic
604 2111 663 2158 sit
703 2112 1094 2176 anteponendum.
1166 2111 1299 2160 Certe
1333 2111 1383 2158 in
1435 2096 1561 2159 omni
1593 2108 1933 2173 tragoediarum
1967 2123 2052 2154 1111-

239 2224 390 2266 mero,
453 2225 571 2273 quae
622 2209 682 2256 ad
732 2227 817 2257 nos
866 2214 1202 2275 pervenerunt,
1272 2208 1399 2257 haud
1451 2209 1584 2256 facile
1636 2207 1779 2255 ullam
1828 2205 2050 2270 reperias,

237 2322 378 2370 quae,
416 2305 455 2353 si
490 2311 654 2354 cuncta
685 2307 939 2371 ponderes,
975 2307 1084 2355 huic
1118 2307 1266 2371 possit
1294 2306 1595 2371 aequiparari.
1636 2305 1758 2353 Nam
1785 2304 1879 2352 sive
1906 2307 2051 2351 atten-

238 2401 319 2450 das
353 2404 612 2466 argumenti
646 2405 953 2467 granditatem
986 2410 1030 2453 et
1067 2404 1441 2470 amplitudinem,
1478 2404 1573 2452 sive
1606 2407 1702 2451 tam
1731 2402 1875 2450 totius
1898 2401 2050 2466 operis

238 2517 378 2565 quam
412 2501 698 2564 singularum
732 2502 934 2566 partium
970 2503 1346 2568 descriptionem,
1372 2503 1466 2551 sive
1490 2502 1726 2565 agentium
1747 2517 2050 2566 personarum

237 2599 431 2646 formam
464 2602 510 2646 et
541 2615 714 2657 moreS,
763 2600 858 2648 sive
902 2601 1234 2649 sententiarum
1269 2601 1538 2664 gravitatem
1579 2603 1625 2648 et
1664 2599 1878 2648 dictionis
1918 2615 2049 2647 orna-

238 2699 362 2754 tum,
403 2696 517 2744 haec
557 2700 602 2744 et
640 2697 821 2760 singula
857 2701 903 2746 et
936 2702 1102 2746 cuncta
1134 2699 1246 2746 talia
1280 2702 1410 2757 sunt,
1446 2703 1500 2747 ut
1531 2698 1709 2747 nescias
1743 2703 1901 2746 utrum
1935 2697 2049 2745 divi-

237 2798 330 2842 tem
373 2794 548 2857 ingenii
582 2812 747 2843 venam
797 2812 856 2843 an
900 2796 1170 2859 diligentem
1211 2797 1397 2845 artificis
1437 2813 1594 2844 curam
1627 2796 1774 2859 magis
1808 2795 2047 2845 admirere.

237 2891 403 2939 Elucet
435 2891 484 2938 in
512 2892 599 2939 hoc
631 2892 836 2941 dramate
866 2893 1141 2942 admiranda
1171 2894 1383 2956 majestas
1417 2894 1640 2957 singulari
1673 2910 1778 2942 cum
1812 2898 1906 2942 arte
1942 2910 2048 2941 con-

231 2989 414 3051 juncta,
464 2990 614 3054 qualis
667 2991 869 3039 cernitur
912 2984 962 3040 in
1006 2991 1191 3056 templis
1231 2992 1323 3039 illis
1358 2991 1629 3056 antiquitate
1662 2992 1954 3049 venerandis,
1997 2992 2047 3039 in

238 3087 406 3151 quibus
455 3104 560 3135 cum
598 3089 742 3136 totius
787 3089 937 3153 operis
971 3089 1312 3152 magnificentia
1345 3093 1391 3137 te
1424 3093 1623 3147 moveat,
1659 3093 1761 3137 tum
1782 3089 2046 3154 >aequabilis

237 3185 438 3248 partium
471 3190 721 3234 concentus
757 3191 802 3234 et
835 3188 1122 3250 singularum
1154 3204 1309 3235 rerum
1333 3191 1427 3235 tam
1452 3187 1757 3235 maximarum
1791 3205 1930 3252 quam
1962 3188 2046 3235 mi-

237 3281 464 3330 nimarum
499 3283 772 3331 artificiosus
805 3288 993 3333 ornatus
1025 3289 1072 3332 te
1105 3289 1262 3333 teneat
1293 3289 1338 3333 et
1375 3285 1582 3334 delectet.

303 3379 344 3427 E
393 3379 540 3427 tribus
591 3385 746 3428 autem
795 3382 990 3441 fabulis,
1038 3383 1206 3448 quibus
1237 3382 1430 3431 Orestea
1463 3388 1664 3442 constat,
1700 3388 1752 3432 ut
1786 3385 1944 3433 ordine
1979 3385 2045 3434 sic

241 3475 462 3539 dignitate
499 3478 701 3542 primum
745 3480 899 3527 locum
932 3484 1059 3529 tenet
1091 3481 1439 3540 AGAMEMNON,
1475 3498 1592 3547 quae
1626 3483 1864 3546 tragoedia
1898 3483 1937 3530 si
1970 3484 2044 3531 vel

239 3574 336 3621 sola
375 3579 494 3622 esset
532 3581 788 3639 superstes,
825 3578 988 3625 merito
1024 3595 1076 3626 ac
1111 3579 1235 3640 jure,
1273 3584 1326 3626 ut
1358 3579 1677 3628 Blomfieldius
1715 3580 1844 3638 dicit,
1876 3581 2043 3629 summi
