2306 3944
310 142 330 186 1
344 141 367 185 5
376 143 403 186 4
964 131 1462 180 COMMENTARIUS

305 287 478 335 tionem
511 284 747 347 significat.
815 283 986 329 Sensus
1035 279 1176 342 igitur
1226 285 1323 327 est:
1378 280 1515 338 „sive
1559 282 1682 329 bona
1725 282 1820 330 sive
1853 284 1974 331 mala
2007 301 2106 347 spe-

303 389 410 420 rans
450 387 474 417 6
507 369 670 416 nuntio
703 382 863 412 recens
901 369 1088 427 accepto
1123 380 1251 411 sacra
1284 364 1449 421 facias,
1485 364 1644 412 audire
1679 367 1833 415 ave0.''

371 453 564 501 Gravius
600 450 737 497 etiam
770 449 956 496 vitiatus
1008 452 1076 495 est
1109 448 1351 512 proximus
1385 465 1557 496 versus.
1626 449 1845 513 Ineptum
1879 455 1948 497 est
1981 451 2108 514 quod

305 539 482 586 Chorus
517 534 665 582 addit:
703 531 896 594 κλύοιμ’
926 532 980 582 av
1016 533 1219 594 εἴφρωνς
1251 532 1478 595 significat
1513 534 1635 581 enirn
1658 550 1777 591 non,
1801 538 1852 581 ut
1878 534 2108 581 Stanleius

304 622 427 678 vult,
462 621 607 666 lubens
640 618 842 673 audiam,
878 615 961 662 sed
997 617 1219 664 benevolas
1252 618 1443 665 audiam.
1494 618 1556 664 At
1578 617 1659 681 qui
1689 634 1746 665 ex
1769 618 1910 665 altero
1933 617 2109 682 aliquid

301 705 461 753 audire
495 702 674 766 cupiat,
709 717 948 765 nunquam
985 701 1152 749 dixerit
1186 703 1408 750 benevolae
1440 703 1638 760 audiam,
1673 702 1756 749 sed
1789 704 2010 750 benevolae
2043 702 2109 748 di-

302 806 400 837 cae.-
450 804 544 835 non
594 786 718 834 enim
762 786 811 832 in
845 785 1075 848 rogando,
1127 785 1208 833 sed
1239 786 1290 833 in
1322 786 1645 850 respondendo
1682 786 1884 833 cernitur
1914 786 2110 833 benevo-

300 873 455 922 lentia.
521 871 686 935 Neque
718 869 887 917 rectius
922 869 1097 917 dictum
1132 874 1201 917 est
1234 870 1360 934 quod
1394 871 1624 935 sequitur,
1660 873 1762 922 οὐδὲ
1794 871 1967 933 σιγώσῃ
2000 871 2109 930 Φθό-

301 978 399 1015 νοςς
449 971 555 1003 nam
590 955 768 1016 Φθονεῖν
813 958 882 1000 est
916 954 1012 1015 ejus
1047 953 1127 1018 qui
1160 958 1347 1016 rogatus
1381 954 1555 1018 aliquid
1590 954 1742 1002 dicere
1776 958 1980 1010 recusat,
2014 969 2109 1000 non

301 1041 398 1102 ejus
450 1039 530 1103 qui
579 1038 667 1085 fert
715 1037 961 1100 repulsam.
1030 1037 1096 1085 Cf.
1138 1037 1302 1084 Aesch.
1350 1038 1474 1101 Sept.
1524 1037 1584 1084 ad
1633 1038 1717 1086 Th.
1753 1040 1847 1084 480
1900 1033 2108 1100 κὸμπειζ

300 1122 378 1174 ἐπ’
425 1125 564 1184 ἄλλῳ
625 1121 743 1181 μηδέ
786 1140 862 1181 μοι
907 1121 1060 1182 φθόνει
1109 1124 1287 1184 λέγειν.
1352 1121 1490 1184 Soph.
1533 1120 1650 1168 Oed.
1694 1121 1750 1168 R.
1804 1123 1927 1168 305:
1973 1126 2028 1170 σὺ
2065 1121 2106 1168 δ’

300 1206 374 1258 οὖν
431 1207 655 1268 Φθονῆσιις
713 1203 823 1262 μήτ’
887 1205 970 1253 ἀπ’
1038 1206 1198 1253 οἰωνῶν
1255 1205 1406 1262 <parm
1453 1204 1558 1254 κτὲ.
1626 1204 1786 1267 Eurip.
1835 1204 1962 1252 Med.
2015 1207 2107 1250 63:

302 1294 352 1340 τί
380 1291 421 1338 δ’
453 1290 606 1345 ’ἐστ-ιν,
644 1289 673 1338 ὦ
710 1290 904 1350 γερκιές
941 1292 1002 1347 μὴ
1041 1287 1195 1348 <mvsa
1237 1286 1433 1347 Φράσιιι.
1498 1286 1625 1334 Η1116
1657 1287 1879 1334 usitatum
1911 1287 2027 1334 illud
2058 1287 2109 1334 111

296 1368 620 1433 respondendo
665 1370 827 1430 Φθόνος
866 1369 1042 1426 οὐδείς,
1076 1385 1162 1415 non
1194 1369 1390 1427 invideo,
1442 1370 1472 1418 i.
1513 1388 1550 1418 6.
1590 1375 1782 1432 paratas
1824 1388 1918 1418 sam
1951 1372 2107 1419 dicere.

301 1454 374 1502 Ob
408 1454 491 1501 has
522 1452 724 1499 rationes
760 1467 920 1499 versus
954 1452 1212 1500 necessario
1253 1453 1318 1500 sic
1352 1455 1679 1517 corrigendus:

642 1574 804 1634 λέγοις
839 1572 893 1622 ἂν
928 1572 1126 1633 εὔφρων,
1164 1572 1267 1622 οὐδὲ
1300 1579 1480 1635 σιγῶσαι
1513 1575 1694 1636 Φθονοῖς

300 1703 377 1750 np.
415 1692 590 1750 λέγειν.
657 1688 782 1734 Vitio
825 1704 985 1735 ansam
1026 1687 1154 1735 dedit
1187 1689 1477 1737 librariorum
1511 1691 1775 1749 oscitantia,
1821 1692 1901 1756 qui
1935 1692 2109 1740 scilicet

295 1790 362 1822 VS.
390 1775 484 1820 224
509 1788 605 1836 sqq.
640 1772 730 1829 ἥκω
762 1775 952 1835 σεβίζων
984 1774 1090 1826 uve.
1123 1773 1378 1820 tribuerent
1404 1776 1598 1833 Nuntio,
1621 1775 1746 1823 hunc
1765 1780 1919 1823 autem
1943 1777 2105 1838 λέγοις

296 1857 352 1907 ὲὶν
391 1859 778 1919 Clytaemnestrae:
821 1857 1077 1919 praefixum
1115 1856 1202 1903 hoc
1249 1866 1372 1907 Κλυ.
1414 1858 1464 1904 111
1506 1859 1656 1916 libris,
1701 1860 1962 1907 coalescens
2001 1876 2107 1906 cum

298 1948 363 2004 sq.
403 1941 565 1997 verbo,
599 1940 780 2003 peperit
817 1941 1038 2000 κλύοιμ’,
1074 1944 1120 1987 61
1153 1941 1280 2004 quod
1307 1957 1391 2004 pro
1425 1949 1607 2005 σιγῶσα
1638 1944 1759 1993 Flor.
1794 1948 1839 1991 et
1861 1944 1994 1994 Farn.
2029 1945 2108 1991 ha-

295 2024 407 2071 bent
440 2029 660 2086 σιγῶντι,
697 2024 847 2086 arguit
882 2024 1019 2070 etiam
1056 2024 1107 2071 in
1141 2025 1229 2072 hoc
1263 2026 1402 2073 verbo
1437 2028 1674 2075 turbatum
1709 2044 1821 2076 esse.

360 2151 438 2199 Vs.
476 2155 584 2199 236.
650 2152 803 2214 Vulgo
836 2152 1007 2215 legitur

639 2281 808 2333 ’χαρὰ
841 2274 890 2333 μ’
927 2274 1127 2334 ὑφέρπει
1162 2276 1355 2335 δάκρυον
1389 2276 1731 2338 ἐκκαλουμένη.

263 2413 265 2415 -
297 2386 572 2434 Scholiastes
611 2386 671 2434 ad
712 2387 876 2451 Odyss
922 2409 971 2445 υ,
1008 2388 1128 2446 471,
1183 2394 1228 2437 et
1267 2390 1538 2438 Eustathius
1587 2392 1645 2438 ad
1696 2392 1896 2440 eundem
1951 2395 2104 2443 locum

295 2488 339 2534 p.
376 2470 530 2528 1872,
567 2474 653 2528 64,
703 2471 828 2519 hunc
877 2488 1063 2520 versum
1113 2477 1166 2520 ut
1207 2474 1514 2538 Sophocleum
1567 2475 1759 2523 citantes
1809 2477 1874 2524 sic
1912 2477 2102 2540 legunt:

295 2554 421 2617 prior
464 2560 635 2617 χάρμα
684 2556 883 2617 ὑφέρπει
931 2557 1125 2618 δάκρυον
1170 2558 1521 2620 ἐκκαλουμένη,
1568 2559 1683 2606 alter
1729 2561 2100 2623 ἐκκαλούμενον,

294 2654 411 2701 quae
454 2638 626 2685 indicio
672 2642 780 2684 sunt
830 2655 1015 2686 versum
1048 2657 1143 2687 non
1176 2642 1314 2704 plane
1347 2642 1579 2706 liquidum
1615 2659 1727 2691 esse.
1796 2645 2102 2692 Scribendum

294 2723 482 2786 putavi:

633 2846 766 2903 χαρᾷ
800 2842 850 2902 μ’
886 2842 1082 2903 ὑφέρπει
1116 2844 1307 2905 δάκρυον
1338 2846 1699 2907 ἐκκαλούμενον.

294 2957 402 3004 Νο11
435 2957 561 3020 quod
595 2974 760 3019 negem
800 2963 920 3006 recte
955 2959 1045 3006 dici
1090 2966 1224 3022 χαρά
1257 2960 1306 3020 μ’
1342 2963 1569 3024 ὑφέρπει,
1614 2965 1826 3026 ραπιίἱαιη
1858 2982 1924 3012 me
1955 2968 2101 3014 subre-

284 3042 384 3102 pi&
417 3040 500 3087 sed
534 3041 699 3088 dicitur
731 3042 816 3088 hoc
851 3041 906 3090 de
941 3043 1110 3105 gaudio
1153 3044 1279 3107 quod
1319 3046 1454 3092 tacite
1499 3050 1546 3092 et
1576 3040 1750 3094 'sensim
1783 3049 1946 3107 oritur,
1981 3051 2100 3098 sicut

256 3172 261 3180 ,
293 3141 358 3171 vs.
394 3127 487 3170 450
533 3127 686 3187 ἄλγος
722 3127 946 3187 ὑφέρπειν
991 3127 1160 3175 dicitur
1212 3128 1270 3175 de
1321 3128 1478 3176 dolore
1512 3131 1593 3194 qui
1627 3133 1758 3195 quasi
1794 3133 1910 3180 clam
1944 3135 2100 3182 subre-

293 3208 374 3271 pit.
431 3208 524 3254 Sed
558 3208 614 3255 de
648 3209 815 3270 gaudio
850 3212 1114 3273 repentino,
1159 3213 1283 3276 quod
1325 3213 1476 3260 subito
1508 3214 1742 3262 lacrimam
1777 3217 1914 3264 alicui
1948 3219 2099 3281 expri-

294 3291 378 3338 mit
427 3308 522 3338 non
570 3297 691 3339 recte
728 3293 816 3340 dici
851 3295 987 3342 credo
1024 3297 1235 3358 qaadium
1281 3314 1347 3344 me
1378 3299 1594 3360 subrepi&
1643 3301 1815 3363 optime
1848 3318 1956 3350 vero
1979 3319 2098 3364 prae

290 3376 451 3438 qaudio
499 3377 683 3423 lacrima
732 3378 840 3423 milii
888 3381 1082 3441 subrepit
1133 3381 1227 3428 sive
1265 3382 1500 3429 suboritur.
1566 3383 1674 3430 Non
1725 3385 1946 3435 dissimile
1988 3387 2095 3435 huic

295 3462 364 3505 est
396 3459 518 3522 quod
554 3460 801 3523 Sophocles
838 3462 946 3510 dicit
980 3465 1147 3534 Electr.
1184 3468 1341 3513 1222:
1394 3468 1588 3528 γεγηθός
1622 3466 1748 3529 ἕρπει
1784 3470 1976 3531 δάκρυον
2010 3472 2093 3532 ὃμ-

294 3547 453 3604 μιὶτων
486 3545 598 3596 ἀπό.
650 3544 1020 3610 Comparandum
1055 3565 1237 3614 quoque
1268 3550 1354 3598 hoc
1388 3550 1437 3598 in
1474 3550 1635 3599 eadem
1670 3553 1846 3612 fabula,
1881 3571 1945 3603 vs.
1975 3558 2092 3602 894:
