2340 3958
272 160 301 207 3
309 160 337 205 0
1011 167 1358 213 ΑΙΣΧΥΛΟΥ

608 323 811 390 άνδρῶν,
852 325 1158 386 κασιγνήτων
1194 345 1250 377 τε
1291 324 1370 378 καὶ
1408 327 1731 394 φυταλμίων,

600 432 807 496 παίδων,
848 434 1108 500 γερόντων,
1150 434 1305 489 οὐκέτ’
1344 435 1398 499 ἐξ
1440 437 1675 503 ἐλευθέρου

598 654 708 711 τοὺς
747 651 787 705 δ’
826 651 947 707 αὖτε
983 654 1390 720 νυκτίπλαγκτος
1430 658 1485 709 ἐκ
1521 656 1698 723 μάχης
1738 657 1872 716 πόνος

601 540 729 607 δέρης
766 542 1088 610 ἀποιμώζουσι
1129 545 1388 612 φιλτάτων
1424 546 1592 612 μόρον·

2005 678 2084 716 330

622 763 806 824 νήστεις
845 764 959 831 πρὸς
994 765 1246 831 άρίστοισιν
1284 763 1343 819 ὧν
1381 766 1486 833 ἔχει
1523 766 1646 826 κόνις

602 872 804 937 τάσσει,
846 875 963 942 πρὸς
1001 875 1129 929 οὐδὲν
1166 878 1215 929 ἐν
1253 877 1384 943 μέρει
1422 878 1699 944 τεκμήριον,

599 983 732 1048 άλλ’,
775 986 836 1044 ὡς
874 982 1078 1045 ἕκαστος
1117 986 1332 1040 ἔσπασεν
1369 987 1530 1054 τύχης
1568 989 1753 1049 πάλον,

269 1094 372 1143 300

600 1204 832 1267 ναίουσιν,
873 1205 957 1268 ήδη
996 1210 1089 1259 τῶν
1127 1206 1379 1273 ὑπαιθρίων
1418 1207 1598 1270 πάγων

600 1094 648 1145 ἐν
685 1095 1026 1160 αἰχμαλώτοις
1063 1098 1291 1163 Τρωϊκοῖς
1336 1098 1590 1162 οἰκήμασιν

2005 1228 2082 1266 335

598 1314 767 1382 δρόσων
803 1315 848 1368 τ’
886 1316 1307 1381 άπαλλαγέντες,
1345 1319 1404 1377 ὥς
1444 1316 1482 1370 δ’
1523 1317 1797 1382 εὐδαίμονες

598 1425 889 1493 άφύλακτον
929 1426 1173 1489 εὑδήσουσι
1211 1430 1383 1481 πάσαν
1420 1428 1663 1496 εὐφρόνην.

598 1536 636 1587 εἶ
674 1533 713 1587 δ’
754 1536 1011 1600 εὐσεβοῦσι
1052 1537 1162 1596 τοὺς
1202 1537 1553 1604 πολισσούχους
1593 1539 1719 1597 θεοὺς

268 1648 371 1696 305

598 1757 681 1808 οὐκ
719 1753 780 1808 άν
818 1754 870 1819 γ’
910 1757 1099 1817 ἑλόντες
1139 1754 1270 1818 αὖθις
1308 1758 1558 1811 άνθαλοῖεν
1596 1757 1672 1812 ἄν.

601 1645 710 1705 τοὺς
749 1652 836 1705 τῆς
880 1647 1094 1709 άλούσης
1133 1655 1226 1711 γῆς
1265 1649 1375 1700 θεῶν
1413 1647 1452 1700 δ’
1491 1648 1759 1715 ἱδρύματα,

603 1865 716 1933 ἔρως
758 1867 806 1919 δὲ
842 1869 914 1932 μή
952 1889 1026 1928 τις
1066 1868 1287 1935 πρότερον
1326 1868 1558 1934 ἐμπίπτοι
1597 1868 1787 1935 στρατῷ

599 1978 779 2044 πορθεῖν
817 1975 852 2031 ἃ
890 1980 961 2043 μη
997 1980 1095 2045 χρη
1132 1978 1336 2046 κέρδεσιν
1378 1979 1671 2045 νικωμένους.

266 2207 316 2248 V.
347 2209 441 2247 304.
471 2209 581 2249 Fert.
609 2208 685 2263 leg.
715 2210 756 2252 εὖ
784 2216 951 2265 σέβουσι.
1012 2212 1107 2252 306.
1137 2212 1246 2252 Fort.
1275 2211 1353 2265 leg.
1383 2214 1494 2253 οὔτᾶν
1525 2214 1680 2258 ἑλόντες.

265 2316 317 2356 V.
346 2316 442 2356 293.
484 2320 700 2372 φυταλμίων
736 2320 872 2366 παῖδες
913 2325 1107 2375 γερόντων.
1168 2319 1264 2363 297.
1301 2326 1426 2367 νῆστις
1464 2318 1527 2360 Fl.
1555 2326 1700 2366 νήστεις
1734 2319 1852 2359 Farn.
1891 2317 1969 2358 Pro
1993 2322 2082 2364 κόνις

318 2387 408 2428 libri
434 2393 554 2437 πόλις.
619 2392 714 2431 302.
743 2396 792 2439 ὡς
823 2393 1072 2446 δυςῧοιίμονες.

266 2546 396 2595 νεκρῷ.
427 2544 643 2594 φυταλμίων
662 2542 714 2582 id.
730 2543 830 2595 quod
845 2548 1033 2600 φυτόρων,
1064 2561 1133 2585 τε-

266 2611 410 2648 κόντων.
454 2608 596 2648 Eodem
625 2623 737 2650 sensu
765 2610 889 2651 dictus
929 2614 1135 2666 φυτάλμιος

265 2677 350 2720 Ζεὺς
380 2698 433 2705 --
460 2682 637 2729 §moyam
663 2678 894 2730 (Hesych.),
921 2692 1017 2731 quae
1035 2679 1135 2719 male

263 2742 464 2795 distinguit
475 2745 698 2794 Scholiasta,
712 2747 880 2785 ceterum
891 2749 994 2786 recte
1004 2747 1108 2787 addit
1120 2764 1129 2786 :

265 2813 305 2850 ἐκ
334 2817 401 2858 τῆς
429 2813 565 2866 φύτλης
604 2814 643 2854 δὲ
670 2815 811 2866 γίνεται
840 2816 1050 2870 φυτάλιμος
1077 2836 1133 2844 -·

266 2880 328 2917 καὶ
368 2884 573 2930 μεταθέσει
614 2903 668 2910 -—
711 2883 930 2935 φυτάλμιος.
989 2881 1132 2921 Similis

264 2946 410 2984 formae
451 2952 508 2986 est
547 2949 797 3002 ψευδάλμιον,
840 2951 989 3002 ψευδὲς,
1029 2949 1130 3003 apud

267 3011 439 3062 Hesyeh.
469 3015 520 3054 cf.
545 3014 712 3057 Lobeck.
738 3017 890 3057 Pathol.
914 3019 1040 3057 Serm.
1057 3018 1128 3057 Gr.

265 3091 306 3129 p.
324 3079 390 3120 98.
434 3081 530 3120 Mox
559 3083 668 3138 δέρης
695 3084 863 3136 positum
890 3096 960 3137 pro
984 3089 1128 3138 στόμα-

266 3162 330 3192 τος
346 3177 357 3197 ,
403 3149 541 3188 collum
583 3163 656 3202 pro
692 3156 855 3204 quiture
881 3165 912 3192 s.
944 3164 1011 3191 ore
1019 3169 1035 3198 ;
1078 3152 1131 3191 sic

264 3213 398 3266 Eurip.
418 3215 536 3255 Here.
554 3217 649 3257 Fur.
667 3219 765 3258 680:
795 3221 928 3266 πολιᾶν
942 3224 982 3260 ἐκ
999 3222 1129 3272 γενύων

265 3282 468 3328 κελαδήσω.
507 3284 638 3324 eodem
672 3299 783 3325 sensu
811 3288 934 3334 ἀηδὼν
961 3290 1125 3329 ποικιλό-

266 3349 387 3404 δειρος
429 3350 588 3390 Hesiod.
635 3351 748 3408 Ἔργ.
794 3354 897 3401 203,
942 3367 1012 3407 pro
1050 3368 1124 3406 quo

264 3416 424 3456 Ruhnk.
453 3417 677 3469 conjiciebat
702 3423 976 3477 ποικιλόγηρυς.

317 3483 396 3523 296
426 3497 509 3535 sqq.
537 3486 736 3526 '‘Victores
749 3488 885 3542 primo,
896 3501 1008 3527 mane
1025 3487 1123 3528 adsi-

262 3549 352 3591 dent
365 3552 411 3591 ad
421 3550 613 3602 jentacula
628 3554 836 3595 occisorum
847 3585 858 3604 ,
870 3558 964 3610 πρὸς
979 3556 1077 3597 οὐδὲν
1092 3559 1125 3596 ἐν

1214 2549 1326 2600 μέρει
1337 2549 1553 2600 τεκμήριον,
1569 2554 1648 2582 non
1651 2545 1775 2595 prout
1787 2541 1866 2581 sud
1875 2541 2013 2594 cuique
2022 2541 2079 2580 vi-

1213 2625 1257 2652 ce
1270 2611 1472 2663 cas-signata
1483 2614 1609 2656 erant,
1621 2609 1686 2649 sed
1696 2609 1792 2649 sicut
1802 2610 1881 2649 fors
1893 2606 2081 2647 ferebat.''

1269 2679 1364 2718 304.
1405 2680 1438 2719 εἰ
1466 2678 1498 2718 δ’
1526 2679 1735 2731 εὐσεβοῦσι.
1788 2679 1954 2731 εὐσεβεῖν
1982 2676 2080 2721 θεοὺς

1212 2759 1284 2799 pro
1314 2750 1366 2792 εἰς
1385 2747 1486 2792 θεοὺς
1501 2745 1614 2797 tetigi
1635 2745 1676 2783 in
1702 2745 1920 2784 Comment.
1948 2742 2078 2795 Signi-

1212 2815 1302 2854 ficat
1327 2815 1363 2854 si
1381 2814 1454 2867 pie
1479 2826 1522 2852 se
1544 2816 1687 2865 μενοινή
1715 2825 1807 2864 erya
1833 2812 1951 2858 deos,
1981 2810 2022 2850 h.
2038 2823 2074 2850 e.

1213 2895 1320 2922 sacra
1358 2894 1437 2920 non
1477 2879 1646 2927 violent,
1687 2881 1732 2919 ut
1771 2877 2001 2930 intelligitur
2028 2891 2075 2917 ex

1212 2948 1386 3002 opposito
1413 2951 1566 3004 πορθεῖν
1593 2949 1619 2987 οἳ
1647 2952 1702 2999 μὴ
1730 2953 1822 3003 χρή.
1866 2947 2077 2992 ἑλόντες-

1213 3019 1401 3058 ἀνθαλοῖεν
1437 3016 1612 3055 similiter
1639 3017 1887 3067 opponuntur
1917 3013 1958 3052 in
1987 3013 2074 3052 Ho-

1213 3085 1356 3123 merico
1396 3094 1509 3122 versu
1550 3080 1602 3121 11.
1631 3099 1682 3135 χ,
1715 3081 1819 3120 253:
1867 3082 1990 3132 ἕλοιμί
2017 3097 2078 3121 κεν

1212 3156 1236 3199 ἢ
1265 3167 1324 3192 κεν
1363 3151 1502 3196 ἁλοίην.
1561 3149 1658 3188 Mox
1696 3151 1740 3189 τὸ
1770 3152 1921 3203 πορθεῖν
1962 3150 1988 3188 ὀὶ
2016 3153 2074 3200 μὴ

1212 3224 1288 3274 χρὴ
1330 3219 1494 3274 κέρδεσιν
1543 3221 1758 3268 νικωμένους
1799 3215 1987 3267 significat
2027 3218 2072 3256 τὸ

1210 3288 1322 3336 συλᾷν
1348 3288 1400 3326 τὰ
1428 3288 1541 3341 ἱερά,
1573 3283 1736 3336 spoliare
1760 3281 1927 3334 templa,
1956 3294 2068 3330 aras,

1208 3353 1317 3405 signa
1358 3352 1532 3391 deorum.
1589 3350 1726 3402 Itaque
1755 3349 1948 3402 praesagit
1974 3349 2066 3401 Cly-

1205 3421 1436 3458 taemnestra
1475 3418 1515 3457 id
1551 3418 1652 3469 quod
1688 3420 1819 3471 postea
1847 3429 1980 3456 revera
2006 3418 2064 3456 fa·

1206 3489 1311 3526 ctum
1338 3485 1517 3525 discimus
1535 3498 1592 3525 VS.
1609 3486 1686 3529 527
1704 3503 1713 3525 :
1743 3488 1870 3540 βωμοὶ
1888 3485 1923 3526 δ’
1939 3489 2066 3526 ἄϊστοι

1205 3557 1267 3596 καὶ
1296 3559 1381 3595 θεῶν
1406 3553 1611 3610 ἱδρύματα.
