2306 3944
406 179 496 223 246
1053 173 1553 222 COMMENTARIUS

399 326 559 372 lentes.
627 324 728 370 Hoc
780 323 934 370 sensui
986 326 1030 369 et
1083 322 1268 383 linguae
1323 327 1693 371 consentaneum.
1763 324 1940 372 Similia
1984 329 2092 372 sunt
2131 341 2200 374 ex.

399 425 464 471 gr.
515 409 645 455 haec:
695 407 856 469 Agam.
907 422 970 454 vs.
1025 406 1107 455 67:
1157 408 1263 456 ἔστι
1311 409 1352 456 δ’
1399 409 1484 464 ὅπη
1520 412 1595 457 νῦν
1627 408 1751 459 ἔστι.
1797 426 1862 457 vs.
1899 408 2050 456 1287:
2085 407 2200 459 ε’ἶδον

398 488 546 541 Ἰλίου
578 493 715 540 πόλιν
751 488 1001 550 πράξασαν
1034 492 1092 547 ὡς
1125 488 1339 551 ἔπραξεν.
1400 489 1611 552 Sophocl.
1647 490 1761 539 Oed„
1798 493 1850 539 R.
1889 491 2037 539 1376:
2074 493 2201 551 βλα-

397 577 559 624 etv-030³
607 573 723 630 ὅπως
771 573 1003 633 ἔβλαστε.
1071 572 1230 635 Eurip.
1265 572 1365 635 Iph.
1399 573 1453 620 A.
1492 576 1606 620 649:
1656 573 1821 637 γέγηθ’
1872 577 1988 633 ὅπως
2023 575 2203 635 γέγηθα

397 655 440 705 τ’
473 655 689 714 εἷςιδῶν.“
727 656 865 703 Plura
921 656 1138 703 Abresch.
1190 660 1235 703 et
1283 657 1449 704 Blomf.
1502 657 1560 704 ad
1609 657 1768 719 Agam.
1827 674 1890 705 vs.
1939 658 2013 706 67.
2081 656 2205 703 Huic
2296 659 2297 662 ’

398 741 552 784 autem
585 738 743 789 πεῖθοι’
778 738 835 788 ὲὶν
868 738 897 803 ᾇ
922 742 1090 790 πείθοιο
1123 740 1278 803 inepte
1305 739 1534 801 adjectum
1562 743 1791 800 ἀπειθοίης
1819 742 1858 790 δ’
1883 744 2013 799 ’lo-aug:
2034 741 2206 788 obedias
2298 772 2299 779 1

396 825 446 867 ut
495 821 687 877 obedia&
727 823 928 884 fortasse
963 826 1107 870 autem
1133 824 1194 884 (h.
1222 840 1260 871 e.
1296 827 1346 870 ut
1383 825 1528 887 credo)
1563 842 1646 872 non
1676 825 1903 872 obeditum
1935 840 1990 872 es.
2058 824 2206 871 Imrno

394 891 672 951 contrarium
705 906 941 968 probabile
978 907 1127 955 Choro
1156 907 1302 955 videri
1341 908 1549 956 debebat.
1615 909 1705 956 Pro
1739 909 1827 955 hoc
1861 907 2021 971 scripsi
2057 908 2203 957 ἀπεν·

395 990 514 1046 oolam
548 990 590 1037 δ’
622 992 749 1048 ἴσως.
816 990 881 1038 Ut
925 994 1127 1042 ἀπειθεῖν
1173 994 1222 1038 fit
1264 993 1320 1039 ab
1362 995 1578 1053 ἂπειθῆς,
1625 992 1690 1039 sic
1723 994 1938 1043 ἀπευὲεῖν
1966 992 2021 1038 ab
2056 993 2202 1041 ἀπευ-

395 1075 493 1131 θής,
542 1073 586 1120 h.
617 1090 654 1121 e.
707 1075 897 1133 ἀνήκοος
947 1075 1201 1122 secundum
1242 1075 1539 1139 Hesychium.
1585 1079 1720 1126 πειθὼ
1756 1080 1801 1122 et
1835 1079 1980 1126 πενθῶ
2015 1074 2206 1121 confusa

391 1173 458 1204 vs.
494 1160 567 1205 86.
618 1157 743 1205 Huic
776 1158 913 1221 plane
948 1158 1143 1222 quadrat
1177 1158 1302 1223 quod
1336 1157 1516 1222 reponit
1550 1157 1923 1221 Clytaemnestra.
1982 1158 2084 1205 Jam
2110 1173 2205 1204 ma·

394 1241 614 1288 nifestum
637 1246 728 1299 est,
748 1242 880 1289 initio
916 1242 1170 1290 sententiae
1205 1243 1367 1290 vitium
1403 1259 1501 1290 esse
1532 1242 1583 1288 in
1616 1243 1751 1299 ἐντὸς
1780 1242 1821 1290 δ’
1856 1241 1911 1290 ὶὶν
1945 1240 2086 1299 οὖσα,
2119 1257 2203 1304 pro

394 1342 487 1390 quo
520 1325 710 1376 minima
742 1327 816 1373 vel
847 1327 1002 1390 potius
1036 1327 1164 1374 nulla
1196 1327 1450 1374 mutatione
1495 1326 1718 1373 scribatur
1763 1329 1897 1383 ἐντὸς
1930 1326 1970 1373 δ’
1999 1328 2205 1375 ἁλοῦσα.

458 1458 537 1507 Vs.
574 1461 683 1506 949.
751 1459 836 1509 ἕσω
872 1460 1045 1521 Φρενῶν
1077 1461 1186 1510 κτὲ.
1238 1460 1435 1506 Versum
1467 1459 1615 1515 hunc,
1651 1473 1789 1522 quem
1817 1460 2084 1519 corruptum
2101 1472 2198 1503 esse

393 1541 662 1589 Dindorfius
703 1546 749 1589 et
781 1542 937 1606 plures
971 1543 1204 1600 viderunt,
1239 1543 1333 1591 leni
1366 1559 1508 1590 manu
1543 1558 1724 1589 curasse
1752 1540 1867 1588 mihi
1906 1539 2032 1587 visus
2070 1556 2172 1586 sum
2189 1577 2202 1597 ,

395 1625 573 1687 virgula
629 1641 746 1689 quae
812 1630 918 1689 post
971 1631 1235 1687 κεκτημένη
1289 1627 1546 1690 ponebatur
1595 1623 1938 1689 transponenda
1977 1627 2083 1686 post
2115 1624 2200 1673 ἔσω

395 1709 592 1771 Φρενῶν,
629 1709 755 1773 quod
791 1714 860 1756 est
892 1709 1017 1757 idem
1052 1714 1189 1774 atque
1224 1713 1272 1762 ἒν
1301 1713 1454 1773 φρεσί,
1510 1711 1577 1758 Cf.
1613 1709 1860 1773 Sophocles
1893 1707 2010 1755 Phil.
2048 1709 2199 1755 1352:

395 1799 476 1844 καὶ
507 1795 651 1844 ταῦτ’
679 1796 854 1844 ἐπίστω
884 1799 963 1845 καὶ
995 1796 1179 1858 γράφον
1208 1796 1380 1857 Φρενῶν
1411 1798 1512 1846 ἕσω.
1545 1796 1707 1856 Φρένες
1741 1798 1895 1840 autem
1927 1797 1980 1839 ut
2012 1791 2203 1848 mentiS,

397 1878 461 1926 sic
512 1879 649 1926 etiam
699 1879 918 1926 orationis
960 1879 1094 1926 sedes
1108 1917 1120 1936 ‚
1158 1896 1276 1943 quae
1311 1880 1445 1927 ambo
1477 1884 1641 1927 natura
1675 1878 1924 1926 arctissime
1961 1877 2201 1939 conjuncta

396 1978 495 2010 esse
529 1966 771 2010 senserunt
802 1963 955 2027 prisci.
1005 1963 1114 2011 Non
1145 1963 1368 2011 dissimile
1397 1967 1465 2011 est
1490 1964 1577 2010 hoc
1599 1962 1729 2010 Iliad.
1755 1965 1813 2024 β,
1842 1965 1921 2009 23:

613 2078 663 2137 ὃς
695 2077 732 2138 ῥ’
766 2078 884 2127 ἔπεα
916 2078 1076 2139 Φρεσῖν
1109 2078 1203 2139 ᾖσιν
1231 2082 1420 2140 ἄκοσμά
1453 2099 1508 2128 τε
1540 2083 1707 2128 πολλά
1741 2099 1796 2127 τε
1830 2079 1927 2139 ἕδη.

456 2203 534 2251 Vs.
570 2203 678 2249 950.
811 2199 951 2252 ἕπου·
985 2205 1050 2250 τῖι
1083 2207 1250 2260 λῷστα
1283 2207 1375 2251 τῶν
1406 2201 1713 2262 παρεστώτων
1747 2205 1910 2261 λέγει.

395 2316 485 2365 Pro
530 2316 653 2379 vulg.
695 2318 832 2378 λέγει
867 2315 1045 2362 Chorus
1090 2318 1211 2362 certe
1258 2314 1375 2361 dixit
1417 2319 1562 2376 λέγω.
1628 2313 1749 2360 Nam
1791 2311 2084 2376 imperiosam
2131 2327 2200 2358 re-

396 2401 553 2463 ginam
587 2399 777 2447 suadere
812 2404 879 2451 τῑι
911 2406 1080 2460 λῷστα
1116 2405 1208 2448 τῶν
1250 2398 1593 2460 παρεστώτων,
1626 2413 1684 2443 ne
1709 2395 1799 2460 ipsi
1826 2394 2014 2459 quidem
2049 2395 2198 2442 Choro

394 2484 630 2548 probabile
679 2482 827 2532 videri
873 2487 1073 2547 poterat3
1126 2483 1209 2530 sed
1262 2483 1319 2530 de
1363 2482 1458 2529 suis
1498 2482 1585 2540 1100
1627 2480 1737 2527 dicit
1786 2479 1992 2537 monitis,
2035 2479 2203 2544 quibus

396 2567 601 2631 captivae
651 2566 795 2614 amice
840 2566 1106 2613 consiliatur
1159 2570 1212 2613 ut
1254 2565 1518 2614 necessitati
1569 2564 1713 2614 cedat.
1782 2564 1888 2626 Quo
1921 2565 2028 2628 plus
2060 2563 2202 2626 igitur

395 2651 615 2715 ponderis
658 2649 807 2697 verbis
842 2649 937 2696 suis
971 2649 1135 2707 addat,
1171 2649 1324 2712 adjicit
1357 2650 1529 2697 hocce:
1578 2648 1790 2712 „optima
1823 2665 1940 2711 quae
1975 2652 2084 2695 sunt
2116 2648 2202 2695 tibi

399 2735 616 2783 suadeo.''
647 2763 714 2772 —
747 2735 805 2782 In
837 2734 1050 2798 proximo
1084 2751 1219 2782 versu
1254 2738 1406 2785 πεῖθον
1438 2734 1487 2781 111
1522 2737 1652 2784 πιθοῦ
1686 2737 1924 2780 mutarunt
1956 2734 2122 2781 Blomf.
2158 2737 2203 2780 et

396 2819 535 2868 Dind.
590 2819 804 2867 dissentit
852 2819 1161 2866 Hermannus.
1223 2819 1374 2866 Multo
1408 2818 1595 2883 quidem
1627 2818 1779 2866 tritius
1813 2820 1947 2868 πιθοῦ
1963 2857 1974 2874 ,
2008 2818 2203 2864 alterum

396 2908 551 2951 tamen
601 2921 628 2951 a
666 2904 850 2966 tragicis
901 2907 1022 2951 certe
1073 2920 1167 2951 non
1216 2903 1511 2967 repudiatum
1562 2919 1660 2950 esse
1708 2902 1817 2949 satis
1852 2907 2042 2949 constat.
2093 2902 2202 2949 Vid.

396 2988 556 3036 Herm.
598 2988 654 3035 ad
689 2989 826 3052 Soph.
860 2989 930 3036 El.
970 2991 1110 3037 1003.
1162 2988 1364 3036 Ellendt.
1398 2989 1509 3036 Lex.
1543 2988 1681 3051 Soph.
1715 2987 1787 3044 II,
1838 3005 1883 3050 p.
1923 2990 2029 3034 540.
2095 2986 2201 3033 Hoc

396 3077 550 3119 tamen
582 3073 684 3119 loco
717 3073 844 3120 haud
879 3074 971 3120 scio
1018 3090 1077 3120 an
1111 3074 1277 3121 melius
1312 3074 1697 3137 obtemperassem
1730 3071 2045 3127 Blomfieldio,
2082 3070 2200 3117 sicut

399 3147 537 3203 etiam
586 3173 650 3205 VS.
705 3160 798 3204 943
851 3159 986 3220 (852)
1038 3158 1206 3206 dicitur
1250 3161 1397 3208 πιθοῦ.
1467 3157 1599 3203 Certe
1633 3155 1759 3220 quod
1793 3155 1912 3201 inter
1953 3159 2201 3218 utrumque

399 3240 644 3287 discrimen
694 3241 804 3288 facit
847 3242 1173 3301 Hermrmnus,
1215 3246 1268 3290 ut
1303 3244 1434 3293 πιθοῦ
1476 3240 1700 3302 significet
1733 3241 1873 3298 obedi,
1924 3242 2076 3290 πείθου
2108 3239 2201 3286 sine

397 3324 479 3370 tibi
498 3325 784 3385 persuaderi,
817 3325 866 3372 in
899 3326 983 3373 hos
1017 3326 1142 3374 locos
1176 3343 1271 3374 non
1307 3326 1511 3391 quadrat.

463 3428 540 3476 Vs.
578 3432 685 3476 952.
820 3430 945 3480 οὗτοι
983 3433 1164 3492 θυραὶαν
1200 3431 1324 3487 τήνδ’
1359 3432 1461 3491 ἐμοὶ
1493 3436 1653 3492 σχολῆ
1691 3434 1816 3487 πείρα

829 3516 1020 3573 τρίβειν.

398 3602 472 3649 Sic
521 3601 712 3650 codiceS.
779 3603 929 3650 Multa
973 3620 1109 3667 super
1152 3604 1238 3651 hoc
1272 3619 1405 3650 versu
1442 3602 1732 3650 commentati
1766 3606 1872 3649 sunt
1907 3602 2190 3664 interpretes.
