<?xml version="1.0" encoding="UTF-8"?>
<!DOCTYPE html PUBLIC "-//W3C//DTD XHTML 1.0 Transitional//EN"
    "http://www.w3.org/TR/xhtml1/DTD/xhtml1-transitional.dtd">
<html xmlns="http://www.w3.org/1999/xhtml" xml:lang="en" lang="en">
 <head>
  <title>
</title>
<meta http-equiv="Content-Type" content="text/html;charset=utf-8" />
  <meta name='ocr-system' content='tesseract 3.04.00' />
  <meta name='ocr-capabilities' content='ocr_page ocr_carea ocr_par ocr_line ocrx_word'/>
</head>
<body>
  <div class='ocr_page' id='page_1' title='image "agamemnonrecensu00aescuoft_0139.png"; bbox 0 0 2340 3958; ppageno 0'>
   <div class='ocr_carea' id='block_1_1' title="bbox 798 180 2009 232">
    <p class='ocr_par' dir='ltr' id='par_1_1' title="bbox 798 180 2009 232">
     <span class='ocr_line' id='line_1_1' title="bbox 798 180 2009 232; baseline 0.002 -3"><span class='ocrx_word' id='word_1_1' title='bbox 798 182 869 229; x_wconf 88' lang='lat' dir='ltr'><strong>IN</strong></span> <span class='ocrx_word' id='word_1_2' title='bbox 902 180 1425 230; x_wconf 44' lang='lat' dir='ltr'><strong>AGAMEMNONEM,</strong></span> <span class='ocrx_word' id='word_1_3' title='bbox 1918 186 1940 230; x_wconf 87' lang='lat'>1</span> <span class='ocrx_word' id='word_1_4' title='bbox 1951 189 1976 232; x_wconf 85' lang='lat'><strong>2</strong></span> <span class='ocrx_word' id='word_1_5' title='bbox 1985 187 2009 232; x_wconf 89' lang='lat'>1</span> 
     </span>
    </p>
   </div>
   <div class='ocr_carea' id='block_1_2' title="bbox 203 302 2016 398">
    <p class='ocr_par' dir='ltr' id='par_1_2' title="bbox 203 302 2016 398">
     <span class='ocr_line' id='line_1_2' title="bbox 1279 302 1292 322; baseline 0 0"><span class='ocrx_word' id='word_1_6' title='bbox 1279 302 1292 322; x_wconf 88' lang='grc' dir='ltr'><strong><em>Ι</em></strong></span> 
     </span>
     <span class='ocr_line' id='line_1_3' title="bbox 203 333 2016 398; baseline -0.001 -15"><span class='ocrx_word' id='word_1_7' title='bbox 203 337 380 384; x_wconf 87' lang='lat' dir='ltr'><strong>Locum</strong></span> <span class='ocrx_word' id='word_1_8' title='bbox 428 336 682 398; x_wconf 83' lang='lat' dir='ltr'>longiorem</span> <span class='ocrx_word' id='word_1_9' title='bbox 736 334 858 381; x_wconf 88' lang='lat' dir='ltr'><strong>sicut</strong></span> <span class='ocrx_word' id='word_1_10' title='bbox 909 334 1046 396; x_wconf 84' lang='lat' dir='ltr'><strong>vulgo</strong></span> <span class='ocrx_word' id='word_1_11' title='bbox 1098 333 1267 395; x_wconf 85' lang='lat' dir='ltr'><strong>legitur</strong></span> <span class='ocrx_word' id='word_1_12' title='bbox 1312 333 1555 397; x_wconf 82' lang='lat' dir='ltr'><strong>descripsi,</strong></span> <span class='ocrx_word' id='word_1_13' title='bbox 1591 350 1684 398; x_wconf 94' lang='lat' dir='ltr'><strong>quo</strong></span> <span class='ocrx_word' id='word_1_14' title='bbox 1719 334 1885 382; x_wconf 85' lang='lat' dir='ltr'><strong>clarius</strong></span> <span class='ocrx_word' id='word_1_15' title='bbox 1919 336 2016 383; x_wconf 33' lang='lat' dir='ltr'><strong>vul-r</strong></span> 
     </span>
    </p>
   </div>
   <div class='ocr_carea' id='block_1_3' title="bbox 196 417 2018 2758">
    <p class='ocr_par' dir='ltr' id='par_1_3' title="bbox 196 417 2018 2758">
     <span class='ocr_line' id='line_1_4' title="bbox 205 417 2014 485; baseline -0.001 -17"><span class='ocrx_word' id='word_1_16' title='bbox 205 437 293 469; x_wconf 91' lang='lat' dir='ltr'><strong>nus</strong></span> <span class='ocrx_word' id='word_1_17' title='bbox 316 420 556 468; x_wconf 87' lang='lat' dir='ltr'><strong>ostendam</strong></span> <span class='ocrx_word' id='word_1_18' title='bbox 590 419 714 485; x_wconf 92' lang='lat' dir='ltr'><strong>quod</strong></span> <span class='ocrx_word' id='word_1_19' title='bbox 741 418 950 482; x_wconf 84' lang='lat' dir='ltr'><strong>plerique</strong></span> <span class='ocrx_word' id='word_1_20' title='bbox 984 433 1149 480; x_wconf 90' lang='lat' dir='ltr'><strong>parum</strong></span> <span class='ocrx_word' id='word_1_21' title='bbox 1172 417 1604 466; x_wconf 86' lang='lat' dir='ltr'><strong>animadverterunt.</strong></span> <span class='ocrx_word' id='word_1_22' title='bbox 1656 417 1866 482; x_wconf 75' lang='lat' dir='ltr'><strong>Quisque</strong></span> <span class='ocrx_word' id='word_1_23' title='bbox 1900 419 2014 466; x_wconf 88' lang='lat' dir='ltr'><strong>haec</strong></span> 
     </span>
     <span class='ocr_line' id='line_1_5' title="bbox 203 501 2016 568; baseline -0.002 -15"><span class='ocrx_word' id='word_1_24' title='bbox 203 506 362 568; x_wconf 85' lang='lat' dir='ltr'><strong>legens</strong></span> <span class='ocrx_word' id='word_1_25' title='bbox 411 505 566 552; x_wconf 85' lang='lat' dir='ltr'><strong>statim</strong></span> <span class='ocrx_word' id='word_1_26' title='bbox 613 503 791 559; x_wconf 91' lang='lat' dir='ltr'><strong>videat,</strong></span> <span class='ocrx_word' id='word_1_27' title='bbox 826 502 876 549; x_wconf 93' lang='lat' dir='ltr'><strong>in</strong></span> <span class='ocrx_word' id='word_1_28' title='bbox 910 502 1061 565; x_wconf 90' lang='lat' dir='ltr'><strong>priore</strong></span> <span class='ocrx_word' id='word_1_29' title='bbox 1113 501 1251 562; x_wconf 84' lang='lat' dir='ltr'><strong>hujus</strong></span> <span class='ocrx_word' id='word_1_30' title='bbox 1302 501 1537 549; x_wconf 90' lang='lat' dir='ltr'><strong>enunciati</strong></span> <span class='ocrx_word' id='word_1_31' title='bbox 1585 506 1716 565; x_wconf 89' lang='lat' dir='ltr'><strong>parte</strong></span> <span class='ocrx_word' id='word_1_32' title='bbox 1766 502 2016 551; x_wconf 90' lang='lat' dir='ltr'><strong>desiderari</strong></span> 
     </span>
     <span class='ocr_line' id='line_1_6' title="bbox 204 583 2012 654; baseline -0.001 -16"><span class='ocrx_word' id='word_1_33' title='bbox 204 590 424 654; x_wconf 85' lang='lat' dir='ltr'><strong>apodosin</strong></span> <span class='ocrx_word' id='word_1_34' title='bbox 458 606 575 654; x_wconf 86' lang='lat' dir='ltr'><strong>quae</strong></span> <span class='ocrx_word' id='word_1_35' title='bbox 609 587 886 651; x_wconf 87' lang='lat' dir='ltr'><strong>respondeat</strong></span> <span class='ocrx_word' id='word_1_36' title='bbox 917 585 1070 634; x_wconf 86' lang='lat' dir='ltr'><strong>verbis</strong></span> <span class='ocrx_word' id='word_1_37' title='bbox 1104 583 1213 636; x_wconf 67' lang='grc' dir='ltr'><em>εὖτ’</em></span> <span class='ocrx_word' id='word_1_38' title='bbox 1247 586 1302 636; x_wconf 73' lang='grc' dir='ltr'><em>Ξὶν</em></span> <span class='ocrx_word' id='word_1_39' title='bbox 1335 588 1387 636; x_wconf 75' lang='grc' dir='ltr'><strong>δὲ</strong></span> <span class='ocrx_word' id='word_1_40' title='bbox 1418 613 1482 621; x_wconf 87' lang='grc'>-</span> <span class='ocrx_word' id='word_1_41' title='bbox 1513 587 1844 635; x_wconf 87' lang='lat' dir='ltr'><strong>animadvertat</strong></span> <span class='ocrx_word' id='word_1_42' title='bbox 1876 588 2012 645; x_wconf 90' lang='lat' dir='ltr'><strong>item,</strong></span> 
     </span>
     <span class='ocr_line' id='line_1_7' title="bbox 204 669 2017 735; baseline -0.002 -12"><span class='ocrx_word' id='word_1_43' title='bbox 204 692 386 723; x_wconf 88' lang='lat' dir='ltr'><strong>versum</strong></span> <span class='ocrx_word' id='word_1_44' title='bbox 419 675 567 729; x_wconf 88' lang='lat' dir='ltr'><strong>hunc,</strong></span> <span class='ocrx_word' id='word_1_45' title='bbox 603 676 658 722; x_wconf 70' lang='grc' dir='ltr'><strong>τὶ</strong></span> <span class='ocrx_word' id='word_1_46' title='bbox 692 678 755 732; x_wconf 73' lang='grc' dir='ltr'><strong>μῆ</strong></span> <span class='ocrx_word' id='word_1_47' title='bbox 791 673 991 732; x_wconf 86' lang='grc' dir='ltr'><em>βεβαίως</em></span> <span class='ocrx_word' id='word_1_48' title='bbox 1026 672 1156 725; x_wconf 78' lang='grc' dir='ltr'><em>κτέ.,</em></span> <span class='ocrx_word' id='word_1_49' title='bbox 1194 669 1324 730; x_wconf 85' lang='lat' dir='ltr'><strong>cujus</strong></span> <span class='ocrx_word' id='word_1_50' title='bbox 1364 670 1466 717; x_wconf 88' lang='lat' dir='ltr'><strong>loco</strong></span> <span class='ocrx_word' id='word_1_51' title='bbox 1501 671 1724 734; x_wconf 89' lang='lat' dir='ltr'><strong>apodosin</strong></span> <span class='ocrx_word' id='word_1_52' title='bbox 1758 676 2017 735; x_wconf 82' lang='lat' dir='ltr'><strong>exspectas-</strong></span> 
     </span>
     <span class='ocr_line' id='line_1_8' title="bbox 205 752 2018 820; baseline -0.001 -13"><span class='ocrx_word' id='word_1_53' title='bbox 205 777 292 817; x_wconf 86' lang='lat' dir='ltr'><strong>ses,</strong></span> <span class='ocrx_word' id='word_1_54' title='bbox 317 775 423 806; x_wconf 91' lang='lat' dir='ltr'><strong>cum</strong></span> <span class='ocrx_word' id='word_1_55' title='bbox 444 757 594 806; x_wconf 85' lang='lat' dir='ltr'><strong>verbis</strong></span> <span class='ocrx_word' id='word_1_56' title='bbox 619 753 899 819; x_wconf 82' lang='lat' dir='ltr'><strong>praegressis</strong></span> <span class='ocrx_word' id='word_1_57' title='bbox 916 769 1010 799; x_wconf 92' lang='lat' dir='ltr'><strong>non</strong></span> <span class='ocrx_word' id='word_1_58' title='bbox 1027 752 1138 799; x_wconf 84' lang='lat' dir='ltr'><strong>satis</strong></span> <span class='ocrx_word' id='word_1_59' title='bbox 1163 753 1282 799; x_wconf 90' lang='lat' dir='ltr'><strong>bene</strong></span> <span class='ocrx_word' id='word_1_60' title='bbox 1310 754 1564 802; x_wconf 89' lang='lat' dir='ltr'><strong>cohaerere.</strong></span> <span class='ocrx_word' id='word_1_61' title='bbox 1600 754 1741 817; x_wconf 75' lang='lat' dir='ltr'><strong>Quod</strong></span> <span class='ocrx_word' id='word_1_62' title='bbox 1764 756 1825 803; x_wconf 89' lang='lat' dir='ltr'><strong>ad</strong></span> <span class='ocrx_word' id='word_1_63' title='bbox 1848 757 2018 820; x_wconf 90' lang='lat' dir='ltr'><strong>apodo-</strong></span> 
     </span>
     <span class='ocr_line' id='line_1_9' title="bbox 203 835 2018 905; baseline -0.001 -14"><span class='ocrx_word' id='word_1_64' title='bbox 203 844 276 890; x_wconf 89' lang='lat' dir='ltr'><strong>sin</strong></span> <span class='ocrx_word' id='word_1_65' title='bbox 298 843 479 898; x_wconf 76' lang='lat' dir='ltr'><strong>attinet,</strong></span> <span class='ocrx_word' id='word_1_66' title='bbox 504 841 692 887; x_wconf 86' lang='lat' dir='ltr'><strong>fuerunt</strong></span> <span class='ocrx_word' id='word_1_67' title='bbox 714 837 795 902; x_wconf 90' lang='lat' dir='ltr'><strong>qui</strong></span> <span class='ocrx_word' id='word_1_68' title='bbox 818 837 892 883; x_wconf 92' lang='lat' dir='ltr'><strong>vel</strong></span> <span class='ocrx_word' id='word_1_69' title='bbox 924 835 1063 884; x_wconf 84' lang='lat' dir='ltr'><strong>verba</strong></span> <span class='ocrx_word' id='word_1_70' title='bbox 1097 836 1247 896; x_wconf 81' lang='grc' dir='ltr'><em>Φόβος</em></span> <span class='ocrx_word' id='word_1_71' title='bbox 1283 842 1371 899; x_wconf 75' lang='grc' dir='ltr'><em>γαρ</em></span> <span class='ocrx_word' id='word_1_72' title='bbox 1406 838 1502 886; x_wconf 71' lang='grc' dir='ltr'><em>ἄνθ’</em></span> <span class='ocrx_word' id='word_1_73' title='bbox 1539 838 1682 889; x_wconf 80' lang='grc' dir='ltr'><em>ἷίπνου</em></span> <span class='ocrx_word' id='word_1_74' title='bbox 1714 857 1800 903; x_wconf 87' lang='lat' dir='ltr'><strong>pro</strong></span> <span class='ocrx_word' id='word_1_75' title='bbox 1823 841 2018 905; x_wconf 92' lang='lat' dir='ltr'><strong>apodosi</strong></span> 
     </span>
     <span class='ocr_line' id='line_1_10' title="bbox 203 910 2018 988; baseline -0.001 -14"><span class='ocrx_word' id='word_1_76' title='bbox 203 927 447 983; x_wconf 76' lang='lat' dir='ltr'><strong>haberent,</strong></span> <span class='ocrx_word' id='word_1_77' title='bbox 483 923 616 988; x_wconf 86' lang='lat' dir='ltr'><strong>quasi</strong></span> <span class='ocrx_word' id='word_1_78' title='bbox 640 927 730 986; x_wconf 72' lang='grc' dir='ltr'><em>γαρ</em></span> <span class='ocrx_word' id='word_1_79' title='bbox 757 920 1037 977; x_wconf 77' lang='lat' dir='ltr'><strong>abundaret,</strong></span> <span class='ocrx_word' id='word_1_80' title='bbox 1059 910 1134 968; x_wconf 87' lang='lat' dir='ltr'><strong>vel</strong></span> <span class='ocrx_word' id='word_1_81' title='bbox 1168 920 1477 983; x_wconf 88' lang='lat' dir='ltr'><strong>supplendam</strong></span> <span class='ocrx_word' id='word_1_82' title='bbox 1501 939 1602 968; x_wconf 90' lang='lat' dir='ltr'><strong>eam</strong></span> <span class='ocrx_word' id='word_1_83' title='bbox 1634 927 1852 986; x_wconf 88' lang='lat' dir='ltr'><strong>putarent</strong></span> <span class='ocrx_word' id='word_1_84' title='bbox 1884 926 2018 973; x_wconf 84' lang='lat' dir='ltr'><strong>intel-</strong></span> 
     </span>
     <span class='ocr_line' id='line_1_11' title="bbox 201 1003 2012 1073; baseline 0.002 -17"><span class='ocrx_word' id='word_1_85' title='bbox 201 1009 388 1073; x_wconf 87' lang='lat' dir='ltr'><strong>ligendo</strong></span> <span class='ocrx_word' id='word_1_86' title='bbox 439 1009 594 1073; x_wconf 88' lang='lat' dir='ltr'><strong>aliquo</strong></span> <span class='ocrx_word' id='word_1_87' title='bbox 645 1006 805 1063; x_wconf 88' lang='lat' dir='ltr'><strong>verbo,</strong></span> <span class='ocrx_word' id='word_1_88' title='bbox 850 1008 904 1052; x_wconf 88' lang='lat' dir='ltr'><strong>ut</strong></span> <span class='ocrx_word' id='word_1_89' title='bbox 937 1003 1135 1059; x_wconf 64' lang='lat' dir='ltr'><strong>scholh*</strong></span> <span class='ocrx_word' id='word_1_90' title='bbox 1182 1008 1396 1065; x_wconf 76' lang='grc' dir='ltr'><em>περισσὸς</em></span> <span class='ocrx_word' id='word_1_91' title='bbox 1442 1007 1461 1053; x_wconf 86' lang='grc' dir='ltr'>ὁ</span> <span class='ocrx_word' id='word_1_92' title='bbox 1510 1011 1649 1067; x_wconf 75' lang='grc' dir='ltr'><em>γαρ,</em></span> <span class='ocrx_word' id='word_1_93' title='bbox 1692 1008 1716 1062; x_wconf 68' lang='grc' dir='ltr'>ἢ</span> <span class='ocrx_word' id='word_1_94' title='bbox 1752 1012 1907 1059; x_wconf 89' lang='grc' dir='ltr'><em>λείπει</em></span> <span class='ocrx_word' id='word_1_95' title='bbox 1958 1014 2012 1060; x_wconf 76' lang='grc' dir='ltr'><strong>τὸ</strong></span> 
     </span>
     <span class='ocr_line' id='line_1_12' title="bbox 203 1088 2016 1156; baseline -0.004 -10"><span class='ocrx_word' id='word_1_96' title='bbox 203 1097 364 1145; x_wconf 74' lang='grc' dir='ltr'><em>ἀλύω</em></span> <span class='ocrx_word' id='word_1_97' title='bbox 400 1094 463 1155; x_wconf 82' lang='grc'><strong>(11.</strong></span> <span class='ocrx_word' id='word_1_98' title='bbox 486 1110 524 1141; x_wconf 90' lang='lat' dir='ltr'><strong>e.</strong></span> <span class='ocrx_word' id='word_1_99' title='bbox 569 1094 754 1139; x_wconf 74' lang='lat' dir='ltr'><strong>moestus</strong></span> <span class='ocrx_word' id='word_1_100' title='bbox 797 1093 931 1152; x_wconf 80' lang='lat' dir='ltr'><strong>erro).</strong></span> <span class='ocrx_word' id='word_1_101' title='bbox 998 1090 1140 1136; x_wconf 84' lang='lat' dir='ltr'><strong>Recte</strong></span> <span class='ocrx_word' id='word_1_102' title='bbox 1185 1089 1272 1136; x_wconf 89' lang='lat' dir='ltr'><strong>hoc</strong></span> <span class='ocrx_word' id='word_1_103' title='bbox 1317 1088 1551 1151; x_wconf 84' lang='lat' dir='ltr'><strong>redarguit</strong></span> <span class='ocrx_word' id='word_1_104' title='bbox 1594 1090 1898 1148; x_wconf 86' lang='lat' dir='ltr'><strong>Abreschius‚</strong></span> <span class='ocrx_word' id='word_1_105' title='bbox 1934 1092 2016 1156; x_wconf 91' lang='lat' dir='ltr'><strong>qui</strong></span> 
     </span>
     <span class='ocr_line' id='line_1_13' title="bbox 199 1171 2016 1242; baseline -0.001 -17"><span class='ocrx_word' id='word_1_106' title='bbox 199 1178 300 1242; x_wconf 87' lang='lat' dir='ltr'><strong>ipse</strong></span> <span class='ocrx_word' id='word_1_107' title='bbox 349 1177 432 1225; x_wconf 88' lang='lat' dir='ltr'><strong>tali</strong></span> <span class='ocrx_word' id='word_1_108' title='bbox 480 1176 659 1225; x_wconf 89' lang='lat' dir='ltr'><strong>ratione</strong></span> <span class='ocrx_word' id='word_1_109' title='bbox 710 1174 922 1237; x_wconf 79' lang='lat' dir='ltr'><strong>explicat.</strong></span> <span class='ocrx_word' id='word_1_110' title='bbox 1003 1173 1173 1220; x_wconf 83' lang='lat' dir='ltr'><strong>Statuit</strong></span> <span class='ocrx_word' id='word_1_111' title='bbox 1217 1189 1384 1236; x_wconf 90' lang='lat' dir='ltr'><strong>nempe</strong></span> <span class='ocrx_word' id='word_1_112' title='bbox 1435 1171 1662 1236; x_wconf 89' lang='lat' dir='ltr'><strong>apodosin</strong></span> <span class='ocrx_word' id='word_1_113' title='bbox 1699 1191 1797 1221; x_wconf 89' lang='lat' dir='ltr'><strong>esse</strong></span> <span class='ocrx_word' id='word_1_114' title='bbox 1832 1192 2016 1223; x_wconf 89' lang='lat' dir='ltr'><strong>versum</strong></span> 
     </span>
     <span class='ocr_line' id='line_1_14' title="bbox 202 1257 2016 1323; baseline 0 -13"><span class='ocrx_word' id='word_1_115' title='bbox 202 1266 352 1311; x_wconf 86' lang='grc' dir='ltr'><em>κλάίω</em></span> <span class='ocrx_word' id='word_1_116' title='bbox 386 1262 492 1311; x_wconf 78' lang='grc' dir='ltr'><em>τότ’</em></span> <span class='ocrx_word' id='word_1_117' title='bbox 530 1263 678 1315; x_wconf 66' lang='grc' dir='ltr'><em>οἴκου,</em></span> <span class='ocrx_word' id='word_1_118' title='bbox 730 1274 849 1323; x_wconf 88' lang='lat' dir='ltr'><strong>quae</strong></span> <span class='ocrx_word' id='word_1_119' title='bbox 895 1260 1049 1304; x_wconf 89' lang='lat' dir='ltr'><strong>autem</strong></span> <span class='ocrx_word' id='word_1_120' title='bbox 1093 1257 1376 1320; x_wconf 89' lang='lat' dir='ltr'><strong>praecedunt</strong></span> <span class='ocrx_word' id='word_1_121' title='bbox 1422 1257 1515 1304; x_wconf 92' lang='lat' dir='ltr'><strong>duo</strong></span> <span class='ocrx_word' id='word_1_122' title='bbox 1549 1259 1778 1315; x_wconf 88' lang='lat' dir='ltr'><strong>membra,</strong></span> <span class='ocrx_word' id='word_1_123' title='bbox 1812 1258 1913 1308; x_wconf 65' lang='grc' dir='ltr'><em>εῖτ·</em></span> <span class='ocrx_word' id='word_1_124' title='bbox 1961 1259 2016 1310; x_wconf 75' lang='grc' dir='ltr'><em>ἒὶν</em></span> 
     </span>
     <span class='ocr_line' id='line_1_15' title="bbox 202 1340 2018 1407; baseline -0.003 -12"><span class='ocrx_word' id='word_1_125' title='bbox 202 1346 254 1395; x_wconf 73' lang='grc' dir='ltr'><strong>δὲ</strong></span> <span class='ocrx_word' id='word_1_126' title='bbox 286 1350 678 1407; x_wconf 69' lang='grc' dir='ltr'><em>νυκτίπλαγκτον</em></span> <span class='ocrx_word' id='word_1_127' title='bbox 723 1346 861 1406; x_wconf 88' lang='lat' dir='ltr'><strong>atque</strong></span> <span class='ocrx_word' id='word_1_128' title='bbox 896 1342 1010 1392; x_wconf 70' lang='grc' dir='ltr'><em>ὅταν</em></span> <span class='ocrx_word' id='word_1_129' title='bbox 1056 1340 1096 1390; x_wconf 74' lang='grc' dir='ltr'><strong>δ’</strong></span> <span class='ocrx_word' id='word_1_130' title='bbox 1131 1344 1321 1398; x_wconf 70' lang='grc' dir='ltr'><em>ἀείδειν,</em></span> <span class='ocrx_word' id='word_1_131' title='bbox 1357 1343 1562 1405; x_wconf 88' lang='lat' dir='ltr'><strong>protasin</strong></span> <span class='ocrx_word' id='word_1_132' title='bbox 1607 1343 1810 1400; x_wconf 89' lang='lat' dir='ltr'><strong>efficere,</strong></span> <span class='ocrx_word' id='word_1_133' title='bbox 1856 1344 1921 1390; x_wconf 89' lang='lat' dir='ltr'><strong>ita</strong></span> <span class='ocrx_word' id='word_1_134' title='bbox 1965 1349 2018 1390; x_wconf 90' lang='lat' dir='ltr'><strong>ut</strong></span> 
     </span>
     <span class='ocr_line' id='line_1_16' title="bbox 201 1425 2014 1494; baseline 0.001 -18"><span class='ocrx_word' id='word_1_135' title='bbox 201 1428 331 1494; x_wconf 88' lang='lat' dir='ltr'><strong>prius</strong></span> <span class='ocrx_word' id='word_1_136' title='bbox 363 1429 645 1485; x_wconf 86' lang='lat' dir='ltr'><strong>membrum,</strong></span> <span class='ocrx_word' id='word_1_137' title='bbox 679 1426 929 1488; x_wconf 89' lang='lat' dir='ltr'><strong>interjectis</strong></span> <span class='ocrx_word' id='word_1_138' title='bbox 962 1425 1113 1473; x_wconf 89' lang='lat' dir='ltr'><strong>verbis</strong></span> <span class='ocrx_word' id='word_1_139' title='bbox 1146 1426 1296 1487; x_wconf 79' lang='grc' dir='ltr'><em>φόβος</em></span> <span class='ocrx_word' id='word_1_140' title='bbox 1342 1432 1432 1488; x_wconf 76' lang='grc' dir='ltr'><em>γαρ</em></span> <span class='ocrx_word' id='word_1_141' title='bbox 1465 1451 1529 1459; x_wconf 85' lang='lat'><strong>-—</strong></span> <span class='ocrx_word' id='word_1_142' title='bbox 1573 1430 1843 1489; x_wconf 70' lang='grc' dir='ltr'><em>συμβαλεῖν</em></span> <span class='ocrx_word' id='word_1_143' title='bbox 1892 1429 2014 1489; x_wconf 67' lang='grc' dir='ltr'><em>ὕπνῳ</em></span> 
     </span>
     <span class='ocr_line' id='line_1_17' title="bbox 202 1511 2014 1577; baseline 0.001 -17"><span class='ocrx_word' id='word_1_144' title='bbox 202 1514 535 1577; x_wconf 89' lang='lat' dir='ltr'><strong>interruptum,</strong></span> <span class='ocrx_word' id='word_1_145' title='bbox 588 1511 807 1575; x_wconf 88' lang='lat' dir='ltr'><strong>deinceps</strong></span> <span class='ocrx_word' id='word_1_146' title='bbox 858 1512 1001 1558; x_wconf 87' lang='lat' dir='ltr'><strong>altero</strong></span> <span class='ocrx_word' id='word_1_147' title='bbox 1051 1511 1257 1558; x_wconf 92' lang='lat' dir='ltr'><strong>membro</strong></span> <span class='ocrx_word' id='word_1_148' title='bbox 1313 1511 1501 1558; x_wconf 88' lang='lat' dir='ltr'><strong>mutatis</strong></span> <span class='ocrx_word' id='word_1_149' title='bbox 1549 1512 1701 1558; x_wconf 89' lang='lat' dir='ltr'><strong>verbis</strong></span> <span class='ocrx_word' id='word_1_150' title='bbox 1756 1518 2014 1577; x_wconf 83' lang='lat' dir='ltr'><strong>repetatur3</strong></span> 
     </span>
     <span class='ocr_line' id='line_1_18' title="bbox 203 1595 2014 1660; baseline 0 -16"><span class='ocrx_word' id='word_1_151' title='bbox 203 1596 338 1660; x_wconf 87' lang='lat' dir='ltr'><strong>quale</strong></span> <span class='ocrx_word' id='word_1_152' title='bbox 383 1595 498 1659; x_wconf 89' lang='lat' dir='ltr'><strong>quid</strong></span> <span class='ocrx_word' id='word_1_153' title='bbox 541 1599 646 1659; x_wconf 88' lang='lat' dir='ltr'><strong>post</strong></span> <span class='ocrx_word' id='word_1_154' title='bbox 689 1595 986 1659; x_wconf 87' lang='lat' dir='ltr'><strong>parenthesin</strong></span> <span class='ocrx_word' id='word_1_155' title='bbox 1027 1595 1262 1642; x_wconf 90' lang='lat' dir='ltr'><strong>interdum</strong></span> <span class='ocrx_word' id='word_1_156' title='bbox 1294 1596 1394 1642; x_wconf 90' lang='lat' dir='ltr'><strong>fieri</strong></span> <span class='ocrx_word' id='word_1_157' title='bbox 1428 1612 1588 1643; x_wconf 91' lang='lat' dir='ltr'><strong>omnes</strong></span> <span class='ocrx_word' id='word_1_158' title='bbox 1623 1601 1808 1645; x_wconf 86' lang='lat' dir='ltr'><strong>norunt.</strong></span> <span class='ocrx_word' id='word_1_159' title='bbox 1876 1597 2014 1644; x_wconf 89' lang='lat' dir='ltr'><strong>Hanc</strong></span> 
     </span>
     <span class='ocr_line' id='line_1_19' title="bbox 203 1679 2015 1744; baseline 0.001 -16"><span class='ocrx_word' id='word_1_160' title='bbox 203 1679 555 1744; x_wconf 82' lang='lat' dir='ltr'><strong>explicationem</strong></span> <span class='ocrx_word' id='word_1_161' title='bbox 594 1679 802 1742; x_wconf 88' lang='lat' dir='ltr'><strong>plerique</strong></span> <span class='ocrx_word' id='word_1_162' title='bbox 836 1679 1110 1742; x_wconf 87' lang='lat' dir='ltr'><strong>interpretes</strong></span> <span class='ocrx_word' id='word_1_163' title='bbox 1145 1683 1254 1726; x_wconf 89' lang='lat' dir='ltr'><strong>sunt</strong></span> <span class='ocrx_word' id='word_1_164' title='bbox 1288 1679 1448 1727; x_wconf 89' lang='lat' dir='ltr'><strong>secuti.</strong></span> <span class='ocrx_word' id='word_1_165' title='bbox 1507 1679 1649 1742; x_wconf 73' lang='lat' dir='ltr'><strong>Quod</strong></span> <span class='ocrx_word' id='word_1_166' title='bbox 1682 1681 1834 1728; x_wconf 90' lang='lat' dir='ltr'><strong>miror.</strong></span> <span class='ocrx_word' id='word_1_167' title='bbox 1892 1680 2015 1729; x_wconf 89' lang='lat' dir='ltr'><strong>Nam</strong></span> 
     </span>
     <span class='ocr_line' id='line_1_20' title="bbox 202 1761 2010 1828; baseline 0.002 -16"><span class='ocrx_word' id='word_1_168' title='bbox 202 1764 294 1812; x_wconf 90' lang='lat' dir='ltr'><strong>duo</strong></span> <span class='ocrx_word' id='word_1_169' title='bbox 326 1763 406 1810; x_wconf 91' lang='lat' dir='ltr'><strong>illo</strong></span> <span class='ocrx_word' id='word_1_170' title='bbox 439 1763 668 1820; x_wconf 90' lang='lat' dir='ltr'><strong>membra,</strong></span> <span class='ocrx_word' id='word_1_171' title='bbox 703 1761 806 1815; x_wconf 64' lang='grc' dir='ltr'><strong>εὖτ’</strong></span> <span class='ocrx_word' id='word_1_172' title='bbox 828 1763 884 1812; x_wconf 74' lang='grc' dir='ltr'><em>ἓὶν</em></span> <span class='ocrx_word' id='word_1_173' title='bbox 912 1764 962 1812; x_wconf 72' lang='grc' dir='ltr'><strong>δὲ</strong></span> <span class='ocrx_word' id='word_1_174' title='bbox 993 1768 1388 1826; x_wconf 69' lang='grc' dir='ltr'><em>νυκτίπλαγκτον</em></span> <span class='ocrx_word' id='word_1_175' title='bbox 1425 1768 1564 1828; x_wconf 87' lang='lat' dir='ltr'><strong>atque</strong></span> <span class='ocrx_word' id='word_1_176' title='bbox 1599 1765 1714 1814; x_wconf 78' lang='grc' dir='ltr'><em>δ’ταν</em></span> <span class='ocrx_word' id='word_1_177' title='bbox 1748 1763 1789 1814; x_wconf 74' lang='grc' dir='ltr'><strong>δ’</strong></span> <span class='ocrx_word' id='word_1_178' title='bbox 1820 1767 2010 1825; x_wconf 71' lang='grc' dir='ltr'><em>ἀείδειν,</em></span> 
     </span>
     <span class='ocr_line' id='line_1_21' title="bbox 201 1846 2011 1913; baseline 0 -17"><span class='ocrx_word' id='word_1_179' title='bbox 201 1852 382 1896; x_wconf 88' lang='lat' dir='ltr'><strong>tantum</strong></span> <span class='ocrx_word' id='word_1_180' title='bbox 417 1847 544 1894; x_wconf 89' lang='lat' dir='ltr'><strong>abest</strong></span> <span class='ocrx_word' id='word_1_181' title='bbox 577 1851 631 1893; x_wconf 94' lang='lat' dir='ltr'><strong>ut</strong></span> <span class='ocrx_word' id='word_1_182' title='bbox 664 1846 788 1894; x_wconf 89' lang='lat' dir='ltr'><strong>idem</strong></span> <span class='ocrx_word' id='word_1_183' title='bbox 822 1846 999 1903; x_wconf 89' lang='lat' dir='ltr'><strong>dicant,</strong></span> <span class='ocrx_word' id='word_1_184' title='bbox 1034 1850 1087 1894; x_wconf 91' lang='lat' dir='ltr'><strong>ut</strong></span> <span class='ocrx_word' id='word_1_185' title='bbox 1119 1847 1274 1910; x_wconf 92' lang='lat' dir='ltr'><strong>potius</strong></span> <span class='ocrx_word' id='word_1_186' title='bbox 1310 1847 1397 1894; x_wconf 90' lang='lat' dir='ltr'><strong>sibi</strong></span> <span class='ocrx_word' id='word_1_187' title='bbox 1431 1848 1630 1895; x_wconf 84' lang='lat' dir='ltr'><strong>invicem</strong></span> <span class='ocrx_word' id='word_1_188' title='bbox 1664 1849 1757 1895; x_wconf 88' lang='lat' dir='ltr'><strong>sint</strong></span> <span class='ocrx_word' id='word_1_189' title='bbox 1779 1850 2011 1913; x_wconf 87' lang='lat' dir='ltr'><strong>opposita:</strong></span> 
     </span>
     <span class='ocr_line' id='line_1_22' title="bbox 201 1931 2013 1997; baseline -0.001 -16"><span class='ocrx_word' id='word_1_190' title='bbox 201 1933 357 1981; x_wconf 89' lang='lat' dir='ltr'><strong>Priore</strong></span> <span class='ocrx_word' id='word_1_191' title='bbox 382 1931 620 1980; x_wconf 88' lang='lat' dir='ltr'><strong>enuntiato</strong></span> <span class='ocrx_word' id='word_1_192' title='bbox 651 1931 783 1980; x_wconf 89' lang='lat' dir='ltr'><strong>dicit:</strong></span> <span class='ocrx_word' id='word_1_193' title='bbox 811 1970 837 1989; x_wconf 93' lang='lat'>„</span> <span class='ocrx_word' id='word_1_194' title='bbox 853 1948 998 1996; x_wconf 92' lang='lat' dir='ltr'><strong>quum</strong></span> <span class='ocrx_word' id='word_1_195' title='bbox 1020 1932 1070 1979; x_wconf 91' lang='grc'><strong>111</strong></span> <span class='ocrx_word' id='word_1_196' title='bbox 1092 1932 1211 1980; x_wconf 89' lang='lat' dir='ltr'><strong>lecto</strong></span> <span class='ocrx_word' id='word_1_197' title='bbox 1235 1934 1454 1981; x_wconf 92' lang='lat' dir='ltr'><strong>recumbo</strong></span> <span class='ocrx_word' id='word_1_198' title='bbox 1490 1934 1548 1981; x_wconf 86' lang='lat' dir='ltr'><strong>ad</strong></span> <span class='ocrx_word' id='word_1_199' title='bbox 1583 1950 1797 1981; x_wconf 91' lang='lat' dir='ltr'><strong>somnum</strong></span> <span class='ocrx_word' id='word_1_200' title='bbox 1832 1933 2013 1997; x_wconf 88' lang='lat' dir='ltr'><strong>capien-</strong></span> 
     </span>
     <span class='ocr_line' id='line_1_23' title="bbox 201 2016 2013 2081; baseline -0.001 -16"><span class='ocrx_word' id='word_1_201' title='bbox 201 2017 311 2065; x_wconf 90' lang='lat' dir='ltr'><strong>dum</strong></span> <span class='ocrx_word' id='word_1_202' title='bbox 321 2017 363 2074; x_wconf 92' lang='lat'><strong>;&#39;&#39;</strong></span> <span class='ocrx_word' id='word_1_203' title='bbox 386 2017 435 2064; x_wconf 91' lang='lat' dir='ltr'><strong>in</strong></span> <span class='ocrx_word' id='word_1_204' title='bbox 459 2016 620 2063; x_wconf 89' lang='lat' dir='ltr'><strong>altero:</strong></span> <span class='ocrx_word' id='word_1_205' title='bbox 647 2032 823 2080; x_wconf 84' lang='lat' dir='ltr'><strong>„quum</strong></span> <span class='ocrx_word' id='word_1_206' title='bbox 845 2020 1000 2063; x_wconf 87' lang='lat' dir='ltr'><strong>autem</strong></span> <span class='ocrx_word' id='word_1_207' title='bbox 1023 2032 1236 2063; x_wconf 90' lang='lat' dir='ltr'><strong>somnum</strong></span> <span class='ocrx_word' id='word_1_208' title='bbox 1260 2018 1489 2065; x_wconf 87' lang='lat' dir='ltr'><strong>cantilena</strong></span> <span class='ocrx_word' id='word_1_209' title='bbox 1510 2018 1684 2081; x_wconf 88' lang='lat' dir='ltr'><strong>pellere</strong></span> <span class='ocrx_word' id='word_1_210' title='bbox 1710 2018 1893 2066; x_wconf 88' lang='lat' dir='ltr'><strong>conor.&#39;&#39;</strong></span> <span class='ocrx_word' id='word_1_211' title='bbox 1927 2018 2013 2064; x_wconf 90' lang='lat' dir='ltr'><strong>Po-</strong></span> 
     </span>
     <span class='ocr_line' id='line_1_24' title="bbox 200 2099 2012 2166; baseline 0.003 -17"><span class='ocrx_word' id='word_1_212' title='bbox 200 2100 379 2149; x_wconf 90' lang='lat' dir='ltr'><strong>steriori</strong></span> <span class='ocrx_word' id='word_1_213' title='bbox 401 2100 647 2148; x_wconf 87' lang='lat' dir='ltr'><strong>enunciato</strong></span> <span class='ocrx_word' id='word_1_214' title='bbox 670 2099 918 2163; x_wconf 87' lang='lat' dir='ltr'><strong>respondet</strong></span> <span class='ocrx_word' id='word_1_215' title='bbox 939 2100 1101 2148; x_wconf 84' lang='lat' dir='ltr'><strong>hocce:</strong></span> <span class='ocrx_word' id='word_1_216' title='bbox 1125 2106 1277 2152; x_wconf 89' lang='grc' dir='ltr'><em>κλαίω</em></span> <span class='ocrx_word' id='word_1_217' title='bbox 1309 2101 1417 2152; x_wconf 75' lang='grc' dir='ltr'><em>τότ’</em></span> <span class='ocrx_word' id='word_1_218' title='bbox 1433 2105 1558 2153; x_wconf 67' lang='grc' dir='ltr'><em>οἴκου</em></span> <span class='ocrx_word' id='word_1_219' title='bbox 1579 2104 1718 2152; x_wconf 70' lang='grc' dir='ltr'><em>τοῦδε</em></span> <span class='ocrx_word' id='word_1_220' title='bbox 1737 2104 2012 2166; x_wconf 71' lang='grc' dir='ltr'><em>συμφοράνς</em></span> 
     </span>
     <span class='ocr_line' id='line_1_25' title="bbox 199 2184 2014 2251; baseline 0.001 -18"><span class='ocrx_word' id='word_1_221' title='bbox 199 2184 323 2250; x_wconf 92' lang='lat' dir='ltr'><strong>quod</strong></span> <span class='ocrx_word' id='word_1_222' title='bbox 365 2184 508 2248; x_wconf 87' lang='lat' dir='ltr'><strong>priori</strong></span> <span class='ocrx_word' id='word_1_223' title='bbox 548 2184 848 2248; x_wconf 88' lang='lat' dir='ltr'><strong>respondeat,</strong></span> <span class='ocrx_word' id='word_1_224' title='bbox 893 2185 1189 2233; x_wconf 86' lang='lat' dir='ltr'><strong>desideratur.</strong></span> <span class='ocrx_word' id='word_1_225' title='bbox 1257 2186 1384 2233; x_wconf 88' lang='lat' dir='ltr'><strong>Num</strong></span> <span class='ocrx_word' id='word_1_226' title='bbox 1417 2186 1560 2248; x_wconf 80' lang='lat' dir='ltr'><strong>igitur</strong></span> <span class='ocrx_word' id='word_1_227' title='bbox 1593 2190 1871 2245; x_wconf 88' lang='lat' dir='ltr'><strong>statuemus,</strong></span> <span class='ocrx_word' id='word_1_228' title='bbox 1907 2204 2014 2251; x_wconf 90' lang='lat' dir='ltr'><strong>apo-</strong></span> 
     </span>
     <span class='ocr_line' id='line_1_26' title="bbox 200 2269 2011 2334; baseline 0.002 -18"><span class='ocrx_word' id='word_1_229' title='bbox 200 2269 335 2318; x_wconf 86' lang='lat' dir='ltr'><strong>dosin</strong></span> <span class='ocrx_word' id='word_1_230' title='bbox 368 2286 396 2317; x_wconf 92' lang='lat' dir='ltr'><strong>a</strong></span> <span class='ocrx_word' id='word_1_231' title='bbox 427 2274 564 2333; x_wconf 71' lang='lat' dir='ltr'><strong>poeta</strong></span> <span class='ocrx_word' id='word_1_232' title='bbox 597 2269 814 2316; x_wconf 87' lang='lat' dir='ltr'><strong>omissam</strong></span> <span class='ocrx_word' id='word_1_233' title='bbox 849 2271 978 2317; x_wconf 77' lang='lat' dir='ltr'><strong>esse?</strong></span> <span class='ocrx_word' id='word_1_234' title='bbox 1011 2271 1099 2318; x_wconf 92' lang='lat' dir='ltr'><strong>hoc</strong></span> <span class='ocrx_word' id='word_1_235' title='bbox 1133 2287 1161 2317; x_wconf 89' lang='lat' dir='ltr'><strong>a</strong></span> <span class='ocrx_word' id='word_1_236' title='bbox 1184 2271 1410 2318; x_wconf 89' lang='lat' dir='ltr'><strong>severiore</strong></span> <span class='ocrx_word' id='word_1_237' title='bbox 1433 2271 1651 2334; x_wconf 89' lang='lat' dir='ltr'><strong>Aeschyli</strong></span> <span class='ocrx_word' id='word_1_238' title='bbox 1674 2272 1780 2319; x_wconf 88' lang='lat' dir='ltr'><strong>stilo</strong></span> <span class='ocrx_word' id='word_1_239' title='bbox 1807 2273 2011 2320; x_wconf 88' lang='lat' dir='ltr'><strong>alienum</strong></span> 
     </span>
     <span class='ocr_line' id='line_1_27' title="bbox 200 2353 2010 2416; baseline 0.001 -15"><span class='ocrx_word' id='word_1_240' title='bbox 200 2358 280 2402; x_wconf 91' lang='lat' dir='ltr'><strong>est.</strong></span> <span class='ocrx_word' id='word_1_241' title='bbox 334 2354 484 2401; x_wconf 91' lang='lat' dir='ltr'><strong>Immo</strong></span> <span class='ocrx_word' id='word_1_242' title='bbox 534 2354 675 2401; x_wconf 88' lang='lat' dir='ltr'><strong>latere</strong></span> <span class='ocrx_word' id='word_1_243' title='bbox 728 2370 782 2400; x_wconf 91' lang='lat' dir='ltr'><strong>ea</strong></span> <span class='ocrx_word' id='word_1_244' title='bbox 817 2353 955 2400; x_wconf 88' lang='lat' dir='ltr'><strong>debet</strong></span> <span class='ocrx_word' id='word_1_245' title='bbox 987 2354 1038 2402; x_wconf 93' lang='lat' dir='ltr'><strong>in</strong></span> <span class='ocrx_word' id='word_1_246' title='bbox 1071 2371 1208 2402; x_wconf 89' lang='lat' dir='ltr'><strong>versu</strong></span> <span class='ocrx_word' id='word_1_247' title='bbox 1243 2359 1297 2404; x_wconf 70' lang='grc' dir='ltr'><strong>το</strong></span> <span class='ocrx_word' id='word_1_248' title='bbox 1334 2362 1397 2415; x_wconf 75' lang='grc' dir='ltr'><strong>μῆ</strong></span> <span class='ocrx_word' id='word_1_249' title='bbox 1439 2358 1655 2416; x_wconf 89' lang='grc' dir='ltr'><em>βεβαίως.</em></span> <span class='ocrx_word' id='word_1_250' title='bbox 1720 2355 1862 2403; x_wconf 91' lang='grc' dir='ltr'><strong>Η11116</strong></span> <span class='ocrx_word' id='word_1_251' title='bbox 1885 2357 2010 2404; x_wconf 88' lang='grc'><strong>6111111</strong></span> 
     </span>
     <span class='ocr_line' id='line_1_28' title="bbox 196 2437 2008 2502; baseline 0.001 -16"><span class='ocrx_word' id='word_1_252' title='bbox 196 2455 381 2486; x_wconf 88' lang='lat' dir='ltr'><strong>versum</strong></span> <span class='ocrx_word' id='word_1_253' title='bbox 429 2437 597 2485; x_wconf 89' lang='lat' dir='ltr'><strong>menda</strong></span> <span class='ocrx_word' id='word_1_254' title='bbox 646 2438 877 2495; x_wconf 90' lang='lat' dir='ltr'><strong>laborare,</strong></span> <span class='ocrx_word' id='word_1_255' title='bbox 922 2438 1037 2485; x_wconf 90' lang='lat' dir='ltr'><strong>mihi</strong></span> <span class='ocrx_word' id='word_1_256' title='bbox 1071 2438 1258 2502; x_wconf 89' lang='lat' dir='ltr'><strong>quidem</strong></span> <span class='ocrx_word' id='word_1_257' title='bbox 1292 2439 1587 2486; x_wconf 85' lang='lat' dir='ltr'><strong>manifestum</strong></span> <span class='ocrx_word' id='word_1_258' title='bbox 1621 2439 1817 2487; x_wconf 89' lang='lat' dir='ltr'><strong>videtur.</strong></span> <span class='ocrx_word' id='word_1_259' title='bbox 1885 2441 2008 2488; x_wconf 89' lang='lat' dir='ltr'><strong>Nam</strong></span> 
     </span>
     <span class='ocr_line' id='line_1_29' title="bbox 197 2523 2007 2588; baseline 0.003 -18"><span class='ocrx_word' id='word_1_260' title='bbox 197 2523 398 2587; x_wconf 90' lang='lat' dir='ltr'><strong>primum</strong></span> <span class='ocrx_word' id='word_1_261' title='bbox 430 2523 550 2570; x_wconf 90' lang='lat' dir='ltr'><strong>male</strong></span> <span class='ocrx_word' id='word_1_262' title='bbox 585 2523 867 2570; x_wconf 90' lang='lat' dir='ltr'><strong>construitur</strong></span> <span class='ocrx_word' id='word_1_263' title='bbox 899 2527 1211 2584; x_wconf 70' lang='grc' dir='ltr'><em>παραστατεῖ</em></span> <span class='ocrx_word' id='word_1_264' title='bbox 1240 2526 1295 2571; x_wconf 71' lang='grc' dir='ltr'><strong>τὶ</strong></span> <span class='ocrx_word' id='word_1_265' title='bbox 1331 2528 1392 2582; x_wconf 73' lang='grc' dir='ltr'><strong>μῆ</strong></span> <span class='ocrx_word' id='word_1_266' title='bbox 1429 2548 1491 2555; x_wconf 87' lang='grc'><strong>-</strong></span> <span class='ocrx_word' id='word_1_267' title='bbox 1521 2527 1802 2584; x_wconf 79' lang='grc' dir='ltr'><em>συμβαλεῖν,</em></span> <span class='ocrx_word' id='word_1_268' title='bbox 1854 2530 1910 2575; x_wconf 70' lang='grc' dir='ltr'><strong>τὸ</strong></span> <span class='ocrx_word' id='word_1_269' title='bbox 1945 2533 2007 2588; x_wconf 74' lang='grc' dir='ltr'><strong>μῆ</strong></span> 
     </span>
     <span class='ocr_line' id='line_1_30' title="bbox 199 2605 2011 2672; baseline 0.001 -17"><span class='ocrx_word' id='word_1_270' title='bbox 199 2623 304 2655; x_wconf 85' lang='grc'><strong>611111</strong></span> <span class='ocrx_word' id='word_1_271' title='bbox 325 2607 549 2655; x_wconf 74' lang='lat' dir='ltr'><strong>infinit1vo</strong></span> <span class='ocrx_word' id='word_1_272' title='bbox 578 2607 843 2669; x_wconf 82' lang='lat' dir='ltr'><strong>adjungitur</strong></span> <span class='ocrx_word' id='word_1_273' title='bbox 863 2606 1016 2654; x_wconf 88' lang='lat' dir='ltr'><strong>verbis</strong></span> <span class='ocrx_word' id='word_1_274' title='bbox 1038 2605 1348 2669; x_wconf 89' lang='lat' dir='ltr'><strong>impediendi,</strong></span> <span class='ocrx_word' id='word_1_275' title='bbox 1383 2607 1568 2654; x_wconf 87' lang='lat' dir='ltr'><strong>vetandi</strong></span> <span class='ocrx_word' id='word_1_276' title='bbox 1592 2608 1785 2672; x_wconf 87' lang='lat' dir='ltr'><strong>aliisque</strong></span> <span class='ocrx_word' id='word_1_277' title='bbox 1809 2609 1906 2671; x_wconf 87' lang='lat' dir='ltr'><strong>ejus</strong></span> <span class='ocrx_word' id='word_1_278' title='bbox 1935 2626 2011 2671; x_wconf 83' lang='lat' dir='ltr'><strong>ge-</strong></span> 
     </span>
     <span class='ocr_line' id='line_1_31' title="bbox 196 2691 2012 2758; baseline 0.002 -19"><span class='ocrx_word' id='word_1_279' title='bbox 196 2692 339 2749; x_wconf 88' lang='lat' dir='ltr'><strong>neris,</strong></span> <span class='ocrx_word' id='word_1_280' title='bbox 373 2696 427 2739; x_wconf 87' lang='lat' dir='ltr'><strong>ut</strong></span> <span class='ocrx_word' id='word_1_281' title='bbox 446 2692 588 2739; x_wconf 88' lang='lat' dir='ltr'><strong>latine</strong></span> <span class='ocrx_word' id='word_1_282' title='bbox 609 2693 856 2756; x_wconf 66' lang='lat' dir='ltr'><strong>quominus,</strong></span> <span class='ocrx_word' id='word_1_283' title='bbox 880 2691 1112 2738; x_wconf 89' lang='lat' dir='ltr'><strong>interdum</strong></span> <span class='ocrx_word' id='word_1_284' title='bbox 1136 2691 1274 2738; x_wconf 88' lang='lat' dir='ltr'><strong>etiam</strong></span> <span class='ocrx_word' id='word_1_285' title='bbox 1312 2691 1521 2738; x_wconf 88' lang='lat' dir='ltr'><strong>absolute</strong></span> <span class='ocrx_word' id='word_1_286' title='bbox 1544 2693 1734 2755; x_wconf 86' lang='lat' dir='ltr'><strong>ponitur</strong></span> <span class='ocrx_word' id='word_1_287' title='bbox 1754 2711 1839 2758; x_wconf 91' lang='lat' dir='ltr'><strong>pro</strong></span> <span class='ocrx_word' id='word_1_288' title='bbox 1863 2699 2012 2758; x_wconf 73' lang='lat' dir='ltr'><strong>quate-</strong></span> 
     </span>
    </p>
   </div>
   <div class='ocr_carea' id='block_1_4' title="bbox 195 2775 2011 3008">
    <p class='ocr_par' dir='ltr' id='par_1_4' title="bbox 195 2775 2011 3008">
     <span class='ocr_line' id='line_1_32' title="bbox 196 2775 2011 2839; baseline 0.002 -15"><span class='ocrx_word' id='word_1_289' title='bbox 196 2793 277 2824; x_wconf 69' lang='lat' dir='ltr'><strong>nus</strong></span> <span class='ocrx_word' id='word_1_290' title='bbox 299 2793 410 2831; x_wconf 61' lang='lat' dir='ltr'><strong>nom</strong></span> <span class='ocrx_word' id='word_1_291' title='bbox 442 2780 494 2824; x_wconf 93' lang='lat' dir='ltr'><strong>ut</strong></span> <span class='ocrx_word' id='word_1_292' title='bbox 515 2776 635 2823; x_wconf 86' lang='lat' dir='ltr'><strong>infra</strong></span> <span class='ocrx_word' id='word_1_293' title='bbox 656 2793 721 2824; x_wconf 85' lang='lat' dir='ltr'><strong>vs.</strong></span> <span class='ocrx_word' id='word_1_294' title='bbox 743 2779 868 2823; x_wconf 81' lang='lat'>1589</span> <span class='ocrx_word' id='word_1_295' title='bbox 889 2776 1072 2838; x_wconf 76' lang='lat'><strong>(1467).</strong></span> <span class='ocrx_word' id='word_1_296' title='bbox 1109 2775 1198 2822; x_wconf 88' lang='lat' dir='ltr'><strong>Sed</strong></span> <span class='ocrx_word' id='word_1_297' title='bbox 1231 2783 1543 2837; x_wconf 86' lang='grc' dir='ltr'><em>παραστατεῖ</em></span> <span class='ocrx_word' id='word_1_298' title='bbox 1574 2782 1627 2827; x_wconf 74' lang='grc' dir='ltr'><strong>τῖι</strong></span> <span class='ocrx_word' id='word_1_299' title='bbox 1661 2785 1724 2839; x_wconf 74' lang='grc' dir='ltr'><strong>μῆ</strong></span> <span class='ocrx_word' id='word_1_300' title='bbox 1750 2808 1816 2814; x_wconf 92' lang='grc'>-</span> <span class='ocrx_word' id='word_1_301' title='bbox 1850 2796 2011 2827; x_wconf 84' lang='lat' dir='ltr'><strong>vereor</strong></span> 
     </span>
     <span class='ocr_line' id='line_1_33' title="bbox 197 2860 2010 2924; baseline 0.002 -16"><span class='ocrx_word' id='word_1_302' title='bbox 197 2878 255 2908; x_wconf 92' lang='lat' dir='ltr'><strong>ne</strong></span> <span class='ocrx_word' id='word_1_303' title='bbox 289 2877 450 2923; x_wconf 87' lang='lat' dir='ltr'><strong>graece</strong></span> <span class='ocrx_word' id='word_1_304' title='bbox 491 2860 619 2908; x_wconf 89' lang='lat' dir='ltr'><strong>haud</strong></span> <span class='ocrx_word' id='word_1_305' title='bbox 668 2861 834 2908; x_wconf 89' lang='lat' dir='ltr'><strong>melius</strong></span> <span class='ocrx_word' id='word_1_306' title='bbox 880 2864 1012 2907; x_wconf 88' lang='lat' dir='ltr'><strong>sonet</strong></span> <span class='ocrx_word' id='word_1_307' title='bbox 1053 2877 1191 2924; x_wconf 87' lang='lat' dir='ltr'><strong>quam</strong></span> <span class='ocrx_word' id='word_1_308' title='bbox 1233 2860 1374 2907; x_wconf 92' lang='lat' dir='ltr'><strong>latine</strong></span> <span class='ocrx_word' id='word_1_309' title='bbox 1420 2866 1624 2908; x_wconf 89' lang='lat' dir='ltr'><strong>sonaret:</strong></span> <span class='ocrx_word' id='word_1_310' title='bbox 1681 2864 1828 2910; x_wconf 77' lang='lat' dir='ltr'><strong>Timor</strong></span> <span class='ocrx_word' id='word_1_311' title='bbox 1861 2865 2010 2911; x_wconf 70' lang='lat' dir='ltr'><strong>adstat</strong></span> 
     </span>
     <span class='ocr_line' id='line_1_34' title="bbox 195 2944 2005 3008; baseline 0.002 -16"><span class='ocrx_word' id='word_1_312' title='bbox 195 2946 417 3008; x_wconf 70' lang='lat' dir='ltr'><strong>quominus</strong></span> <span class='ocrx_word' id='word_1_313' title='bbox 444 2946 670 2993; x_wconf 81' lang='lat' dir='ltr'><strong>dormiam.</strong></span> <span class='ocrx_word' id='word_1_314' title='bbox 720 2944 903 2992; x_wconf 88' lang='lat' dir='ltr'><strong>Deinde</strong></span> <span class='ocrx_word' id='word_1_315' title='bbox 937 2945 1154 2991; x_wconf 89' lang='lat' dir='ltr'><strong>iteratum</strong></span> <span class='ocrx_word' id='word_1_316' title='bbox 1187 2944 1306 2991; x_wconf 91' lang='lat' dir='ltr'><strong>illud</strong></span> <span class='ocrx_word' id='word_1_317' title='bbox 1341 2947 1484 2996; x_wconf 76' lang='grc' dir='ltr'><em>ἱίπνου</em></span> <span class='ocrx_word' id='word_1_318' title='bbox 1518 2971 1579 2979; x_wconf 89' lang='lat'><strong>—-</strong></span> <span class='ocrx_word' id='word_1_319' title='bbox 1612 2947 1736 3008; x_wconf 65' lang='grc' dir='ltr'><em>ὕπνῳ</em></span> <span class='ocrx_word' id='word_1_320' title='bbox 1768 2974 1831 2982; x_wconf 80' lang='lat'>—</span> <span class='ocrx_word' id='word_1_321' title='bbox 1863 2949 2005 2999; x_wconf 75' lang='grc' dir='ltr'><em>ἷίπνου</em></span> 
     </span>
    </p>
   </div>
   <div class='ocr_carea' id='block_1_5' title="bbox 197 3028 2008 3750">
    <p class='ocr_par' dir='ltr' id='par_1_5' title="bbox 197 3028 2008 3345">
     <span class='ocr_line' id='line_1_35' title="bbox 197 3028 2007 3092; baseline 0.001 -16"><span class='ocrx_word' id='word_1_322' title='bbox 197 3029 383 3076; x_wconf 90' lang='lat' dir='ltr'><strong>mirifice</strong></span> <span class='ocrx_word' id='word_1_323' title='bbox 404 3029 616 3091; x_wconf 84' lang='lat' dir='ltr'><strong>languet,</strong></span> <span class='ocrx_word' id='word_1_324' title='bbox 651 3029 741 3075; x_wconf 90' lang='lat' dir='ltr'><strong>nisi</strong></span> <span class='ocrx_word' id='word_1_325' title='bbox 774 3029 930 3092; x_wconf 89' lang='lat' dir='ltr'><strong>potius</strong></span> <span class='ocrx_word' id='word_1_326' title='bbox 954 3029 1110 3091; x_wconf 87' lang='lat' dir='ltr'><strong>inepte</strong></span> <span class='ocrx_word' id='word_1_327' title='bbox 1139 3029 1226 3075; x_wconf 89' lang='lat' dir='ltr'><strong>hoc</strong></span> <span class='ocrx_word' id='word_1_328' title='bbox 1249 3028 1425 3075; x_wconf 88' lang='lat' dir='ltr'><strong>dictum</strong></span> <span class='ocrx_word' id='word_1_329' title='bbox 1450 3031 1545 3074; x_wconf 86' lang='lat' dir='ltr'><strong>est:</strong></span> <span class='ocrx_word' id='word_1_330' title='bbox 1581 3029 1729 3074; x_wconf 78' lang='lat' dir='ltr'><strong>Somni</strong></span> <span class='ocrx_word' id='word_1_331' title='bbox 1761 3032 1851 3076; x_wconf 81' lang='lat' dir='ltr'><strong>loeo</strong></span> <span class='ocrx_word' id='word_1_332' title='bbox 1875 3031 2007 3077; x_wconf 76' lang='lat' dir='ltr'><strong>timor</strong></span> 
     </span>
     <span class='ocr_line' id='line_1_36' title="bbox 197 3113 2008 3176; baseline 0.001 -16"><span class='ocrx_word' id='word_1_333' title='bbox 197 3114 343 3161; x_wconf 70' lang='lat' dir='ltr'><strong>adstat</strong></span> <span class='ocrx_word' id='word_1_334' title='bbox 357 3152 369 3171; x_wconf 87' lang='lat'><strong>,</strong></span> <span class='ocrx_word' id='word_1_335' title='bbox 414 3117 557 3162; x_wconf 72' lang='lat' dir='ltr'><strong>oculos</strong></span> <span class='ocrx_word' id='word_1_336' title='bbox 599 3131 742 3161; x_wconf 76' lang='lat' dir='ltr'><strong>somno</strong></span> <span class='ocrx_word' id='word_1_337' title='bbox 778 3115 980 3161; x_wconf 80' lang='lat' dir='ltr'><strong>claudere</strong></span> <span class='ocrx_word' id='word_1_338' title='bbox 1012 3118 1172 3161; x_wconf 74' lang='lat' dir='ltr'><strong>vetans.</strong></span> <span class='ocrx_word' id='word_1_339' title='bbox 1243 3113 1360 3174; x_wconf 72' lang='lat' dir='ltr'><strong>Quis</strong></span> <span class='ocrx_word' id='word_1_340' title='bbox 1394 3113 1543 3159; x_wconf 89' lang='lat' dir='ltr'><strong>bonus</strong></span> <span class='ocrx_word' id='word_1_341' title='bbox 1578 3113 1771 3176; x_wconf 84' lang='lat' dir='ltr'><strong>scriptor</strong></span> <span class='ocrx_word' id='word_1_342' title='bbox 1804 3114 1869 3161; x_wconf 89' lang='lat' dir='ltr'><strong>ita</strong></span> <span class='ocrx_word' id='word_1_343' title='bbox 1913 3115 2008 3161; x_wconf 89' lang='lat' dir='ltr'><strong>bal-</strong></span> 
     </span>
     <span class='ocr_line' id='line_1_37' title="bbox 201 3190 2003 3262; baseline 0.002 -20"><span class='ocrx_word' id='word_1_344' title='bbox 201 3190 378 3244; x_wconf 56' lang='lat' dir='ltr'><strong>‘iutiat‘e</strong></span> <span class='ocrx_word' id='word_1_345' title='bbox 443 3198 572 3260; x_wconf 76' lang='lat' dir='ltr'><strong>Quid</strong></span> <span class='ocrx_word' id='word_1_346' title='bbox 620 3199 784 3262; x_wconf 80' lang='lat' dir='ltr'><strong>plura?</strong></span> <span class='ocrx_word' id='word_1_347' title='bbox 838 3203 1015 3246; x_wconf 86' lang='lat' dir='ltr'><strong>mutato</strong></span> <span class='ocrx_word' id='word_1_348' title='bbox 1048 3206 1133 3261; x_wconf 74' lang='grc' dir='ltr'><em>μὲν</em></span> <span class='ocrx_word' id='word_1_349' title='bbox 1178 3198 1227 3245; x_wconf 91' lang='grc'><strong>111</strong></span> <span class='ocrx_word' id='word_1_350' title='bbox 1261 3204 1323 3258; x_wconf 73' lang='grc' dir='ltr'><strong>μῆ</strong></span> <span class='ocrx_word' id='word_1_351' title='bbox 1361 3202 1406 3244; x_wconf 88' lang='lat' dir='ltr'><strong>et</strong></span> <span class='ocrx_word' id='word_1_352' title='bbox 1439 3198 1562 3259; x_wconf 78' lang='grc' dir='ltr'><em>ἷίπνῳ</em></span> <span class='ocrx_word' id='word_1_353' title='bbox 1595 3198 1645 3244; x_wconf 86' lang='grc'><strong>111</strong></span> <span class='ocrx_word' id='word_1_354' title='bbox 1681 3199 1790 3248; x_wconf 77' lang='grc' dir='ltr'><em>ὀκνῶ</em></span> <span class='ocrx_word' id='word_1_355' title='bbox 1845 3216 2003 3246; x_wconf 86' lang='lat' dir='ltr'><strong>versus</strong></span> 
     </span>
     <span class='ocr_line' id='line_1_38' title="bbox 214 3280 574 3345; baseline -0.003 -15"><span class='ocrx_word' id='word_1_356' title='bbox 214 3280 252 3330; x_wconf 84' lang='lat' dir='ltr'><strong>si</strong></span> <span class='ocrx_word' id='word_1_357' title='bbox 299 3282 574 3345; x_wconf 87' lang='lat' dir='ltr'><strong>corrigatur:</strong></span> 
     </span>
    </p>

    <p class='ocr_par' dir='ltr' id='par_1_6' title="bbox 506 3376 1657 3438">
     <span class='ocr_line' id='line_1_39' title="bbox 506 3376 1657 3438; baseline 0 -11"><span class='ocrx_word' id='word_1_358' title='bbox 506 3376 606 3427; x_wconf 69' lang='grc' dir='ltr'><em>εὖτ’</em></span> <span class='ocrx_word' id='word_1_359' title='bbox 643 3378 697 3427; x_wconf 69' lang='grc' dir='ltr'><em>ἂν</em></span> <span class='ocrx_word' id='word_1_360' title='bbox 731 3381 780 3427; x_wconf 78' lang='grc' dir='ltr'><strong>Σὲ</strong></span> <span class='ocrx_word' id='word_1_361' title='bbox 815 3383 1208 3438; x_wconf 75' lang='grc' dir='ltr'><em>νυκτίπλαγκτον</em></span> <span class='ocrx_word' id='word_1_362' title='bbox 1242 3379 1443 3438; x_wconf 72' lang='grc' dir='ltr'><em>’ένδροσόν</em></span> <span class='ocrx_word' id='word_1_363' title='bbox 1476 3379 1521 3427; x_wconf 86' lang='grc' dir='ltr'><strong>τ’</strong></span> <span class='ocrx_word' id='word_1_364' title='bbox 1557 3382 1657 3438; x_wconf 68' lang='grc' dir='ltr'><strong>ἔχω</strong></span> 
     </span>
    </p>

    <p class='ocr_par' dir='ltr' id='par_1_7' title="bbox 507 3458 1376 3519">
     <span class='ocr_line' id='line_1_40' title="bbox 507 3458 1376 3519; baseline 0.002 -15"><span class='ocrx_word' id='word_1_365' title='bbox 507 3458 619 3517; x_wconf 65' lang='grc' dir='ltr'><em>ἐμὴν</em></span> <span class='ocrx_word' id='word_1_366' title='bbox 653 3460 832 3519; x_wconf 77' lang='grc' dir='ltr'><em>ὀνείροις</em></span> <span class='ocrx_word' id='word_1_367' title='bbox 867 3459 947 3508; x_wconf 77' lang='grc' dir='ltr'><em>οὐκ</em></span> <span class='ocrx_word' id='word_1_368' title='bbox 981 3459 1376 3517; x_wconf 69' lang='grc' dir='ltr'><em>ἐπισκοπουμένην</em></span> 
     </span>
    </p>

    <p class='ocr_par' dir='ltr' id='par_1_8' title="bbox 510 3537 1642 3601">
     <span class='ocr_line' id='line_1_41' title="bbox 510 3537 1642 3601; baseline 0.002 -17"><span class='ocrx_word' id='word_1_369' title='bbox 510 3537 664 3595; x_wconf 74' lang='grc' dir='ltr'><em>εὖνῆν,</em></span> <span class='ocrx_word' id='word_1_370' title='bbox 699 3541 848 3600; x_wconf 80' lang='grc' dir='ltr'><em>Φόβος</em></span> <span class='ocrx_word' id='word_1_371' title='bbox 882 3546 971 3601; x_wconf 72' lang='grc' dir='ltr'><em>γαρ</em></span> <span class='ocrx_word' id='word_1_372' title='bbox 1008 3540 1101 3587; x_wconf 76' lang='grc' dir='ltr'><em>ἀνθ’</em></span> <span class='ocrx_word' id='word_1_373' title='bbox 1138 3538 1278 3586; x_wconf 61' lang='grc' dir='ltr'><em>ὕπνου</em></span> <span class='ocrx_word' id='word_1_374' title='bbox 1312 3544 1642 3599; x_wconf 79' lang='grc' dir='ltr'><em>παραστατεῖ,</em></span> 
     </span>
    </p>

    <p class='ocr_par' dir='ltr' id='par_1_9' title="bbox 508 3621 1640 3682">
     <span class='ocr_line' id='line_1_42' title="bbox 508 3621 1640 3682; baseline 0.004 -15"><span class='ocrx_word' id='word_1_375' title='bbox 508 3622 560 3667; x_wconf 74' lang='grc' dir='ltr'><strong>τί)</strong></span> <span class='ocrx_word' id='word_1_376' title='bbox 594 3628 678 3680; x_wconf 75' lang='grc' dir='ltr'><em>μὲν</em></span> <span class='ocrx_word' id='word_1_377' title='bbox 714 3624 913 3682; x_wconf 86' lang='grc' dir='ltr'><em>βεβαίως</em></span> <span class='ocrx_word' id='word_1_378' title='bbox 950 3621 1177 3681; x_wconf 78' lang='grc' dir='ltr'><em>βλέφαρα</em></span> <span class='ocrx_word' id='word_1_379' title='bbox 1208 3622 1473 3680; x_wconf 83' lang='grc' dir='ltr'><em>συμβαλεῖν</em></span> <span class='ocrx_word' id='word_1_380' title='bbox 1508 3623 1640 3671; x_wconf 73' lang='grc' dir='ltr'><em>ὀκνῶ.</em></span> 
     </span>
    </p>

    <p class='ocr_par' dir='ltr' id='par_1_10' title="bbox 1743 3707 1798 3750">
     <span class='ocr_line' id='line_1_43' title="bbox 1743 3707 1798 3750; baseline -0.018 0"><span class='ocrx_word' id='word_1_381' title='bbox 1743 3707 1798 3750; x_wconf 83' lang='grc'><strong>16</strong></span> 
     </span>
    </p>
   </div>
  </div>
 </body>
</html>
