2306 3944
322 213 414 257 194
978 204 1473 251 COMMENTARIUS

320 357 570 406 masculina
610 355 755 401 forma
788 367 870 415 pro
907 356 1133 411 τιθεῖσαι,
1169 369 1286 417 quae
1321 354 1477 400 multis
1513 353 1830 400 difficultatem
1864 354 1988 411 fecit,
2025 371 2118 402 non

320 449 388 491 est
439 459 519 488 cur
562 441 664 501 jure
715 440 925 500 suspecta
974 437 1209 486 habeatur.
1279 437 1618 495 „Indulserunt
1672 438 1759 485 sibi
1792 438 1902 484 talia
1934 442 2118 501 poetae,

318 527 428 574 dicit
460 525 772 577 I·IermannUS‚
814 521 887 567 vel
919 520 1052 566 metri
1087 522 1159 567 vel
1193 522 1414 568 suavioris
1450 521 1551 568 soni
1588 522 1789 568 caussa.''
1858 521 2014 569 Simile
2050 526 2120 568 est

319 625 456 672 supra
513 624 574 653 vs.
629 609 719 652 119
774 609 978 667 λαγίναν
1022 634 1081 641 -
1131 610 1294 667 γένναν
1340 609 1610 668 βλαβέντα.
1671 605 1872 669 Choeph.
1923 623 1987 653 vs.
2025 608 2117 653 592

319 696 602 753 ἀνεμοέντων
644 691 848 750 αἰγίδων.
891 687 1025 734 Pind.
1060 687 1132 734 Ol.
1166 688 1254 745 VI,
1299 691 1356 734 15
1401 690 1502 750 (23)
1537 690 1665 739 ἑπτα
1697 687 1739 738 δ’
1773 690 1944 740 ἔπειτα
1975 695 2120 752 πυρῖιν

319 782 477 836 νεκρῶν
522 775 862 823 τελεσθέντων.
908 786 1024 834 quae
1069 787 1162 817 non
1207 772 1270 818 sic
1298 772 1557 833 jungenda,
1592 776 1644 818 ut
1678 772 1911 819 Boeckhio
1944 772 2118 835 placet,

316 857 497 904 inverso
526 854 706 912 ordine,
742 860 900 915 νεκρῶν
932 855 1061 904 ἑπτα
1095 861 1241 915 πνρῖιν
1276 859 1608 913 τελεσθέντων,
1645 855 1727 902 sed
1760 863 1904 917 πυρῖιν
1930 862 2118 917 νεκρῶν,

317 940 435 987 sicut
482 940 713 987 Homerus
763 955 945 1002 quoque
978 938 1108 1002 ¹dicit
1165 944 1303 1000 πυραὶ
1346 944 1536 998 νεκύων,
1582 940 1626 987 Il
1659 961 1721 1002 α,
1758 943 1833 987 52.
1899 940 2121 986 Veterum

319 1024 530 1087 exempla
560 1023 725 1070 imitati
759 1027 866 1070 sunt
900 1022 1112 1079 serioreS,
1147 1027 1200 1069 ut
1236 1022 1490 1080 Nicander,
1525 1023 1615 1071 alii.
1666 1024 1886 1086 Enallage
1919 1024 2031 1071 haec
2065 1039 2120 1070 eo

313 1108 467 1155 minus
512 1107 798 1155 mirationem
837 1107 982 1153 facere
1017 1106 1172 1163 debet,
1208 1107 1334 1170 quod
1367 1107 1416 1153 in
1448 1107 1704 1170 participiis
1738 1108 1886 1154 dualis
1917 1107 2120 1177 numeris

313 1193 459 1240 forma
491 1191 743 1239 masculina
774 1191 1042 1238 femininam
1074 1191 1168 1238 fere
1201 1191 1474 1238 obscuravit.
1526 1191 1616 1238 Pro
1650 1196 1979 1257 κατεψέκαζον
2006 1193 2121 1240 Din-

316 1277 485 1323 dorfius
520 1292 578 1322 ex
610 1275 926 1322 Atticistarum
958 1279 1200 1338 praecepto
1229 1275 1596 1336 κατεψάκαξον,
1629 1275 1755 1339 quod
1776 1275 1951 1338 recepi,
1974 1293 2120 1340 quum

316 1361 426 1408 etim
469 1363 626 1420 ψακάς
658 1360 707 1407 in
740 1359 966 1422 Aeschylo
999 1360 1178 1421 legatur
1210 1359 1352 1423 idque
1396 1359 1631 1407 interdum
1666 1377 1850 1425 quoque
1883 1361 1933 1407 in
1968 1363 2118 1420 ψεκάς

316 1448 545 1493 mutatum
578 1444 648 1491 sit.
714 1443 819 1491 Vid.
853 1443 1019 1492 Blomf.
1054 1443 1114 1491 ad
1146 1460 1210 1491 vs.
1249 1446 1390 1491 1512.

383 1530 597 1577 Ceterum
628 1527 916 1589 Hartungius
949 1528 1033 1574 hos
1066 1543 1225 1575 versus
1260 1527 1324 1574 sic
1358 1527 1560 1575 refinxit:

728 1650 864 1709 δρόσω
897 1649 1251 1710 κατεψέκαζον,
1287 1649 1489 1707 ἔμπεδον
1519 1652 1638 1704 σίνος

725 1726 989 1789 ἐσθημάτων
1025 1732 1204 1779 τιθέντε
1237 1731 1458 1790 κάνθηροῦ
1492 1731 1672 1791 τριχός.

317 1865 433 1914 quae
483 1847 675 1895 mutatio
721 1846 950 1910 quomodo
1002 1862 1028 1892 a
1078 1845 1334 1892 temeritate
1389 1845 1576 1893 defendi
1608 1845 1773 1909 possit,
1805 1845 1906 1909 ipse
1938 1844 2117 1893 viderit.

315 1933 520 1981 Sufficiat
569 1929 963 1986 animadvertisse,
1014 1933 1195 1992 praeter
1243 1929 1446 1976 incuriae
1495 1929 1711 1976 mendam
1764 1931 1985 1992 κάνόηροῦ
2030 1945 2115 1992 pro

313 2020 559 2077 κάνθηρῑις,
595 2014 777 2061 dualem
811 2014 948 2074 δρόσω
982 2014 1082 2076 (pro
1117 2030 1208 2077 quo
1242 2013 1292 2060 in
1324 2018 1456 2061 textu
1490 2030 1640 2061 errore
1665 2018 1900 2061 exaratum
1923 2015 2114 2077 δρόσῳ),

312 2100 426 2147 mire
478 2099 651 2146 dictum
702 2115 820 2155 esse,
863 2101 908 2144 et
941 2097 1066 2161 quod
1098 2113 1200 2144 rore
1234 2099 1432 2161 (capitis)
1467 2101 1608 2148 crines
1642 2100 1839 2162 tabefieri
1877 2098 2115 2154 dicuntur,

312 2184 361 2231 id
393 2184 471 2232 vix
506 2183 740 2247 cuiquam,
777 2182 933 2238 credo,
968 2182 1202 2245 probabile
1237 2183 1477 2231 videbitur.

375 2305 453 2352 Vs.
490 2307 597 2352 510.
667 2308 717 2353 τί
750 2309 861 2360 τοῦς
899 2305 1226 2360 ἀναλωθέντας
1261 2304 1308 2351 ἐν
1342 2305 1479 2365 ψήφῳ
1514 2308 1705 2367 λέγειν,

675 2393 755 2438 τὸν
791 2390 946 2449 ζῶντα
978 2387 1016 2435 δ’
1053 2388 1226 2448 ἀλγεῖν
1259 2396 1352 2449 χρὴ
1389 2391 1546 2450 τύχης
1581 2389 1918 2450 παλιγκότους

272 2500 367 2546 .In
416 2498 487 2545 his
536 2502 581 2545 et
625 2514 720 2562 sqq.
767 2497 974 2545 versibus
1023 2512 1188 2559 parum
1241 2495 1437 2558 diligens
1486 2497 1801 2560 interpretatio
1835 2495 2004 2543 multas
2036 2510 2116 2557 pe-

309 2582 428 2648 perit
477 2582 637 2629 inanes
688 2581 980 2628 difficultates
1032 2584 1076 2626 et
1127 2580 1413 2641 conjecturas
1464 2580 1664 2629 inutileS.
1729 2580 1936 2629 Primum
1971 2579 2115 2627 critici

307 2669 498 2715 haerent
530 2667 579 2714 in
615 2670 745 2729 τύχη
782 2670 1109 2727 παλίγκοτος;
1143 2666 1323 2712 frustra.
1380 2665 1669 2712 Vocabulum
1700 2666 1786 2713 hoc
1809 2681 1953 2729 aeque
1976 2663 2115 2726 signi-

308 2754 413 2800 ficat
444 2755 684 2814 fortunam
718 2751 940 2797 inimicam
981 2753 1118 2813 atque
1153 2750 1448 2812 infortunium
1481 2751 1782 2797 recrudescens
1789 2771 1805 2806 ,·
1853 2748 1983 2812 prius
2016 2747 2060 2795 h.
2082 2748 2113 2795 l.

310 2835 606 2884 conveniens:
642 2834 915 2896 intelligitur
947 2833 1182 2896 praete-riti
1214 2833 1451 2895 temporis
1469 2833 1660 2880 adversa
1691 2834 1888 2881 fortuna.
1941 2834 2115 2894 ἀλγεῖν

308 2925 462 2967 autem
507 2935 613 2966 cum
647 2918 847 2980 genitivo
883 2921 1195 2964 constructum
1229 2915 1407 2963 etiamsi
1442 2916 1551 2963 alibi
1585 2932 1680 2963 non
1714 2921 1933 2974 exstaret,
1987 2917 2112 2965 dam-

308 3021 417 3052 nare
467 3008 622 3050 tamen
667 3019 762 3049 non
796 3001 1033 3048 auderem:
1068 3000 1259 3047 interest
1293 2999 1471 3063 aliquid
1505 3003 1661 3047 utrum
1696 2999 1821 3047 dicas
1855 3002 2027 3063 ἀλγεῖν
2061 3021 2111 3050 τι

309 3104 369 3135 an
406 3089 544 3145 τινός.
614 3087 704 3134 Sed
739 3090 887 3133 exstat
922 3085 1184 3147 exemplum
1217 3083 1376 3147 Eurip.
1410 3083 1524 3131 Hec.
1561 3086 1713 3131 1256:
1747 3085 1946 3147 ἀλγεῖς,
1984 3090 2035 3135 τί
2067 3085 2107 3134 δ’

308 3173 428 3233 ἡμᾶς
462 3172 626 3230 παιδῦς
660 3171 740 3221 οὐκ
773 3172 946 3232 ἀλγεῖν
981 3171 1160 3228 δοκεῖς-ς
1190 3183 1274 3230 pro
1305 3160 1399 3231 ¹quo
1432 3183 1527 3214 non
1559 3166 1763 3214 licuisset
1786 3166 1935 3214 dicere
1959 3167 2111 3218 παῖδα

305 3251 380 3299 vel
415 3252 611 3308 vulfing-3
665 3250 890 3312 significat
946 3249 1069 3296 enim
1096 3254 1284 3312 propter
1303 3251 1475 3313 filium,
1511 3254 1671 3314 estque
1705 3250 1827 3297 idem
1860 3250 1986 3314 quod
2018 3249 2111 3297 usi-

305 3338 399 3382 tate
446 3333 611 3380 dicitur
646 3336 934 3395 ὖπεραλγεῖν
969 3335 1113 3391 τινός.
1180 3333 1354 3380 Eadem
1405 3337 1473 3380 est
1523 3334 1799 3381 constructio
1848 3333 1975 3382 verbi
2007 3335 2104 3396 ἄχ-

306 3437 445 3479 νυμαι
489 3420 534 3463 et
584 3415 814 3463 similium.
866 3416 919 3464 cf.
969 3416 1132 3465 Matth.
1179 3416 1256 3464 Gr.
1292 3417 1368 3464 Gr.
1416 3419 1435 3478 ᾗ
1473 3419 1580 3464 368.
1647 3417 1810 3482 Itaque
1860 3419 1989 3467 nulla
2038 3420 2109 3465 est

308 3515 446 3547 causa
479 3516 561 3548 cur
594 3516 699 3546 cum
731 3499 956 3547 Ahrensio
991 3501 1129 3547 verba
1163 3501 1228 3547 sic
1262 3504 1512 3548 mutemus:

561 3621 642 3668 τὶν
678 3621 828 3682 ζῶντα
863 3620 903 3668 δ’
938 3623 1118 3682 ἄλγους
1153 3628 1245 3683 χρῆ
1282 3625 1450 3683 τυχεῖν
1483 3623 1800 3683 παλιγκότου.

2269 0 2306 1021 i
