2340 3958
861 213 1333 268 ΑΓΑΜΕΜΝΩΝ,
1979 214 2008 258 9

988 455 1224 500 ΧΟΡΟΣ,

349 599 565 653 Δὲκοοτον
605 595 691 661 μὲν
729 593 832 653 ἔτος
870 590 965 645 τόδ’
1005 591 1107 643 ἐπεὶ
1147 590 1364 657 Πριοὲμου
1958 609 2012 645 40

206 713 273 762 40
537 707 701 772 μέγοος
740 702 971 761 οὲντίδικος
989 746 1002 764 ,

355 816 546 884 διθρόνου
583 814 748 869 Διόθεν
786 811 868 864 καὶ
909 810 1194 876 δισκήπτρου

356 933 502 991 τιμῆς
540 923 709 990 ὀχυρὸν
747 921 918 988 ζεῦγος
957 918 1228 986 Ἀτρειδῶν,

361 1033 610 1093 Μενέλαος
648 1030 777 1094 ἄναξ
813 1031 882 1092 ἠδ’
918 1028 1274 1094 Ἀγαμέμνων,

215 1219 267 1259 V.
295 1219 364 1258 43.
393 1221 580 1264 Μενέλαος
607 1219 705 1264 ἄναξ
733 1213 943 1268 ἠδ”Α-γαμ.
973 1214 1015 1254 in
1042 1212 1150 1253 libris
1178 1212 1335 1266 ponitur
1363 1215 1448 1266 post
1478 1225 1532 1252 vs.
1558 1214 1611 1252 40
1637 1219 1759 1266 μέγας
1779 1214 2027 1261 ἀντίδικος-

271 1291 449 1331 42—46.
478 1288 675 1345 Ἀτρειδᾶν
699 1311 753 1318 -
782 1289 1017 1342 χιλιοναύταν
1045 1309 1099 1316 —-
1127 1289 1292 1343 ἀρωγάν.

221 1442 337 1492 θομαι
363 1435 483 1489 igitur
506 1446 584 1474 non
605 1431 774 1485 positum
798 1430 951 1484 vulgari
964 1430 1086 1484 signi-

221 1505 397 1546 ficatione
423 1515 495 1556 pro
522 1501 752 1549 obliviscor,
776 1499 889 1552 idque
903 1512 974 1553 pro
989 1499 1087 1539 obli-

225 1578 307 1614 tum
335 1572 414 1612 sive
440 1571 623 1624 iqnarum
650 1581 711 1607 me
729 1567 841 1621 finqo
854 1599 865 1615 ‚
896 1569 939 1607 ut
968 1565 1089 1619 expli-

226 1643 288 1681 cat
314 1639 458 1680 Blomf.
475 1669 486 1686 ,
511 1637 577 1677 sed
592 1636 736 1676 rariore
750 1647 862 1675 sensu
876 1647 947 1688 pro
962 1634 1089 1674 occul-

228 1713 292 1749 tus
305 1720 411 1755 sum,
436 1707 554 1746 lateo.
583 1703 768 1743 Similiter
791 1704 872 1742 fere
886 1701 1093 1755 Sophocles

227 1775 291 1816 El.
321 1775 452 1815 1239:
483 1773 568 1814 οὐδέ
592 1787 687 1813 ποτε
715 1773 918 1823 λησόμενον
946 1773 1091 1822 ἁμέτε-

231 1861 296 1902 ρον
324 1842 397 1885 οἷόν
426 1844 491 1896 ἔφυ
512 1844 633 1882 κακόν.
666 1838 826 1878 Dativus
853 1850 932 1878 non
955 1837 1096 1890 pendet

232 1925 254 1951 a
281 1909 420 1958 verbo,
466 1907 532 1948 sed
573 1906 763 1960 significat
790 1919 878 1945 eum
905 1905 953 1944 ad
981 1917 1095 1957 quem

231 1991 294 2020 res
334 1976 516 2030 pertinet.
586 1974 693 2026 Ergo
735 1975 793 2014 est
831 1973 930 2013 idem
976 1986 1020 2012 ac
1064 1971 1095 2012 si

232 2044 388 2085 dixisset
427 2045 591 2090 ξυνετοῖς
624 2043 760 2090 ξυνετά
806 2044 925 2094 λέγω,
969 2043 1101 2089 ἀξυνε-

234 2119 313 2160 τοῖς
342 2110 375 2153 δ’
398 2113 574 2159 ἀξυνετά.
605 2111 741 2150 lubens
768 2122 835 2162 eqo
852 2110 954 2150 talia
968 2111 1103 2163 loquor

235 2194 336 2234 quae
359 2180 498 2233 qnaris
526 2178 803 2230 intelliyantur
823 2209 835 2226 ,
864 2177 1016 2230 iynaris
1037 2176 1101 2216 ob-

234 2261 351 2290 scura
377 2247 474 2288 sint.

295 2385 362 2424 39.
392 2383 488 2423 Post
525 2380 754 2422 excubitoris
780 2380 987 2421 discessum
1014 2392 1105 2433 pro-

240 2451 358 2492 deunt
379 2449 534 2498 famuli,
555 2449 721 2490 maxime
734 2448 926 2496 mulieres,
944 2461 990 2488 ex
1004 2447 1106 2487 aedi-

241 2518 312 2560 bns
334 2518 450 2572 regiis
476 2519 690 2558 suffimenta
711 2520 979 2570 apportantes,
996 2517 1034 2555 et
1047 2515 1107 2554 in-

241 2589 303 2628 ter
316 2585 459 2626 laetum
478 2587 676 2638 ὀλολυγμὸν
690 2597 774 2624 aras
797 2584 859 2623 hie
885 2582 963 2622 illic
982 2583 1108 2635 dispo-

247 2655 338 2696 sitas
365 2654 626 2694 accendentes.
670 2650 908 2704 Intelligitur
935 2652 1009 2691 hoc
1030 2652 1112 2690 tam

246 2735 268 2762 e
312 2721 499 2776 proximis
535 2719 708 2761 versibus
739 2733 854 2772 quam
895 2732 915 2758 e
942 2732 1000 2759 vs.
1034 2719 1113 2758 594

246 2803 331 2843 sqq.
360 2790 458 2829 Mox
484 2788 654 2828 tumultu
682 2788 826 2828 excitus
855 2786 984 2840 prodit
1009 2786 1111 2826 Cho-

249 2870 316 2898 rus
357 2870 493 2897 senum
534 2856 792 2909 Argivorum,
845 2855 913 2908 qui
940 2857 1115 2894 senatum

249 2924 502 2966 constituunt.
530 2924 590 2964 Hi
619 2937 738 2976 quum
765 2923 895 2964 vident
924 2934 1008 2962 aras
1034 2923 1116 2961 tota

250 2991 344 3033 urbe
385 3004 580 3040 accensas,
624 2991 672 3031 ad
699 2990 846 3044 regiam
883 2989 1117 3030 conveniunt

253 3073 405 3100 causam
431 3060 489 3100 rei
516 3058 758 3100 sciscitaturi.
812 3058 979 3098 Interim
1010 3057 1114 3110 cogi-

253 3127 414 3168 tationes
443 3130 482 3168 et
509 3140 640 3168 sensus
667 3140 764 3179 quae
778 3139 957 3180 praesens
985 3125 1118 3165 diesin

255 3194 426 3248 ipsorum
453 3196 590 3235 animis
626 3195 788 3242 excitat,
817 3196 899 3234 tam
926 3195 1117 3233 anteacta-

259 3274 347 3302 rum
373 3275 504 3303 rerum
518 3263 822 3303 recordationem
841 3275 956 3313 quam
969 3262 1118 3300 futura-

261 3341 350 3368 rum
362 3331 680 3384 exspectationem
692 3361 706 3378 ,
722 3330 891 3370 carmine
905 3329 1121 3382 proferunt.

264 3397 430 3436 Carmen
450 3397 523 3438 hoc
547 3401 606 3438 est
630 3398 821 3444 Parodos,
839 3399 1014 3437 constans
1029 3396 1120 3436 dua-

265 3462 336 3503 bus
363 3463 557 3516 partibus,
586 3478 748 3518 quarum
776 3465 884 3518 prior
911 3464 1122 3516 anapaestis

266 3531 474 3584 composita
492 3535 562 3582 (νε.
579 3535 750 3583 40-103)
765 3532 872 3585 quasi
886 3531 1123 3585 prooemium

266 3601 324 3638 est
348 3597 503 3639 alterius
526 3601 688 3651 (vs.104
703 3602 816 3653 sqq.),
839 3600 913 3640 nisi
936 3598 1124 3652 posterius

1168 1431 1241 1471 hoc
1255 1443 1408 1471 carmen
1423 1430 1551 1483 potius
1565 1443 1636 1484 pro
1646 1433 1810 1473 Stasimo
1826 1434 1874 1474 sit
1889 1433 2034 1475 haben-

1170 1498 1275 1539 dum.
1304 1498 1482 1538 Primum
1501 1503 1828 1550 commemorant,
1847 1502 2037 1543 decimum

1171 1566 1274 1605 hunc
1288 1578 1368 1606 esse
1381 1579 1538 1614 annum,
1556 1580 1602 1606 ex
1615 1580 1690 1619 quo
1706 1569 1864 1609 Atridae
1878 1570 2036 1623 Trojam

1172 1633 1334 1686 profecti
1375 1636 1466 1673 sunt
1492 1634 1539 1673 ad
1576 1633 1832 1676 ulciscendum
1868 1637 2042 1678 Helenae

1172 1703 1351 1754 raptum3
1396 1714 1436 1740 se
1477 1701 1635 1741 interim
1662 1702 1710 1742 ob
1746 1706 1909 1744 aetatem
1940 1706 2043 1746 domi

1174 1767 1325 1807 relictos
1353 1768 1502 1808 assidua
1529 1769 1718 1810 anxietate
1745 1770 1835 1810 belli
1861 1775 2040 1813 eventum

1176 1838 1407 1889 exspectare.
1463 1836 1569 1876 Hinc
1614 1837 1655 1876 in
1702 1839 1822 1879 altera
1864 1841 2043 1881 carminis

1177 1906 1309 1957 parte,
1340 1917 1436 1956 quae
1464 1905 1632 1958 strophis
1657 1907 1864 1959 composita
1893 1912 1972 1956 est,
2003 1910 2044 1949 in

1179 1971 1404 2011 memoriam
1438 1974 1618 2012 revocant
1646 1972 1808 2014 luctuosi
1837 1974 1924 2015 belli
1955 1989 2043 2016 cau-

1181 2052 1262 2079 sam
1293 2042 1331 2079 et
1357 2039 1536 2088 initium,
1568 2041 1787 2094 prodigium
1802 2056 1823 2082 a
1839 2043 1937 2084 Jove
1953 2045 2045 2084 mis-

1181 2120 1280 2155 sum,
1295 2107 1514 2147 Calchantis
1522 2108 1757 2158 vaticinium,
1775 2111 1918 2151 Dianae
1932 2113 2045 2160 iram,

1182 2174 1344 2227 denique
1359 2175 1585 2228 Iphigeniae
1598 2175 1899 2218 immolationem
1912 2197 1923 2227 ,2
1950 2181 2051 2232 quod

1183 2242 1337 2296 quidem
1365 2243 1594 2283 sacrificium
1631 2247 1773 2296 quanta
1801 2246 2051 2288 sollicitudine

1185 2310 1357 2351 animum
1389 2324 1500 2351 suum
1530 2312 1678 2352 assidue
1704 2316 1841 2367 angat,
1872 2316 1982 2368 gravi
2009 2329 2052 2356 ac

1186 2377 1363 2432 religioso
1405 2380 1574 2419 carmine
1602 2376 1826 2434 exponunt.'
1869 2383 2051 2424 Ceterum

1187 2447 1357 2487 Parodos
1397 2447 1491 2487 haec
1531 2447 1665 2488 similis
1693 2449 1774 2488 fere
1803 2452 1860 2490 est
1888 2451 1923 2490 ei
1950 2465 2046 2503 quae

1187 2515 1330 2568 legitur
1346 2515 1388 2554 in
1411 2513 1560 2555 fabulae
1587 2516 1795 2557 Persarum
1820 2519 2024 2572 principio.

1247 2583 1314 2622 39.
1344 2583 1497 2625 δέκατον
1522 2587 1595 2637 μὲν
1625 2589 1705 2632 ἔτος
1719 2587 1818 2627 τόδε.
1850 2588 2052 2628 Decimum

1191 2664 1337 2692 annum
1379 2651 1549 2704 intellige
1590 2653 1787 2693 ineuntem
1803 2686 1815 2703 ,
1846 2656 2053 2696 secundum

1193 2718 1412 2758 Homerum
1441 2718 1491 2759 Il.
1518 2725 1573 2775 β,
1606 2722 1710 2769 326,
1741 2724 1779 2761 et
1814 2735 1834 2761 e
1862 2724 2056 2764 communi

1193 2787 1321 2833 fama,
1351 2799 1467 2839 quam
1496 2788 1667 2839 sequitur
1688 2789 1804 2828 etiam
1832 2790 2058 2844 Propertius

1195 2853 1259 2894 El.
1289 2853 1388 2901 ΙΙΙ,
1420 2855 1470 2901 9,
1503 2856 1579 2894 40:
1613 2857 1668 2896 Et
1699 2858 1883 2897 Danaam
1911 2859 2058 2899 decimo

1195 2935 1284 2962 vere
1308 2922 1457 2962 redisse
1483 2928 1604 2965 rates.
1641 2924 1693 2964 Et
1717 2924 1912 2978 probabile
1940 2930 2059 2979 puto,

1196 2990 1299 3029 hunc
1340 2990 1466 3042 ipsum
1502 2991 1597 3044 fingi
1624 2991 1812 3032 decimum
1839 2994 2059 3034 anniversa-

1197 3057 1298 3097 rium
1343 3058 1443 3097 diem
1469 3058 1558 3098 inde
1587 3072 1609 3098 a
1638 3059 1766 3100 classis
1794 3062 2030 3114 profectione
2046 3081 2057 3111 3

1198 3138 1273 3177 quo
1300 3126 1453 3177 quidem
1481 3126 1541 3166 die
1568 3140 1640 3180 par
1663 3131 1745 3168 erat
1772 3130 1919 3170 animos
1947 3144 2059 3183 prae-

1197 3193 1401 3233 teritarum
1442 3206 1574 3234 rerum
1624 3197 1887 3237 recordatione
1938 3200 2063 3239 acrius

1201 3262 1447 3302 commoveri.
1504 3263 1651 3315 Quodsi
1700 3277 1910 3317 ponamuS‚
1962 3267 2062 3318 quod

1202 3329 1408 3369 verisimile
1436 3332 1516 3378 est,
1547 3332 1783 3385 tragoediam
1811 3333 1909 3373 hanc
1938 3337 2062 3374 actam

1202 3409 1282 3436 esse
1320 3396 1512 3449 Dionysiis
1552 3399 1727 3452 magnis,
1757 3400 1799 3440 h.
1829 3414 1862 3440 e.
1892 3404 2065 3454 tempore

1203 3465 1325 3512 veris,
1366 3463 1515 3505 fabulae
1549 3467 1670 3506 editae
1698 3470 1849 3520 tempus
1872 3481 1958 3508 cum
1981 3469 2063 3522 ipsa

1204 3545 1247 3572 re
1269 3531 1401 3584 pulcre
1430 3533 1689 3575 conveniebat.

1258 3601 1325 3640 41.
1355 3601 1517 3656 διθρόνου
1545 3610 1660 3654 τιμῆς
1688 3606 1745 3644 est
1769 3604 1957 3656 genitivus
1971 3617 2062 3656 qua-

1842 3684 1867 3727 2
