2340 3958
883 191 1356 242 ΑΓΑΜΕΜΝΩΝ.
1959 183 2025 232 23

481 355 727 424 πρέπουσά
766 354 802 408 θ’
842 355 904 414 ὡς
942 356 990 407 ἐν
1025 357 1273 421 γραφαῖς,
1311 348 1618 417 παρεννέπειν

219 471 322 521 210

728 464 924 528 θέλουσ’,
961 465 1064 516 ἐπεὶ
1106 460 1345 521 πολλάκις

548 576 731 641 πατρὸς
770 577 883 629 κατ’
919 573 1155 641 ἀνδρῶνας
1195 570 1511 639 εὐτραπέζους

401 686 665 754 ε’μέλψαθ’,
705 686 840 754 οὶγνᾷ
878 684 919 737 δ’
956 683 1234 751 ἀταύρωτος
1272 682 1401 751 αὐδᾷ
1443 680 1625 747 πατρὸς

224 861 270 900 V.
300 860 395 900 209.
423 864 691 915 προςεννέπειν.
748 857 844 898 212.
874 858 1033 909 ἔμελψεν
1057 855 1116 896 Μ.
1134 857 1206 895 eet.
1225 856 1376 908 ἕμελθεν
1390 854 1438 894 G.
1494 852 1596 893 Ibid.
1612 856 1707 906 ἁγνά
1723 874 1777 881 -
1792 853 1887 895 αὐδά
1906 853 1963 893 Μ.
1982 854 2030 893 B.

273 931 401 972 Ceteri
429 935 525 983 ἁγνὰ
553 954 605 960 -
636 930 746 981 αὐδᾷ.

275 1067 371 1107 209.
418 1071 618 1123 πρέπουσά
664 1064 695 1106 θ’
737 1069 784 1112 ὡς
827 1069 863 1106 ἐν
903 1070 1084 1121 γραφαῖς.

221 1134 377 1174 Dictum
400 1133 472 1173 hoc
495 1135 635 1187 putant
658 1145 731 1187 pro
765 1136 814 1180 ὡς
840 1135 987 1189 γραφαί
1009 1133 1088 1172 sive

224 1205 272 1250 ὡς
286 1207 441 1259 γραπτὴ
458 1206 561 1243 εἰκών
572 1233 586 1254 ,
607 1200 872 1255 conspicienda
885 1205 931 1240 ut
943 1201 1085 1252 imaqo,

219 1270 387 1323 imaqini
413 1271 579 1317 similis,
609 1281 729 1322 eoque
754 1267 814 1310 vel
826 1269 987 1323 formae
996 1268 1087 1320 pul-

219 1338 453 1379 critudinem
474 1337 535 1379 vel
563 1338 764 1378 silentium
790 1335 996 1390 significari
1019 1348 1087 1376 vo-

220 1405 320 1447 lunt.
372 1406 436 1446 Sic
473 1405 555 1457 jam
597 1405 823 1445 scholiasta:
877 1408 900 1452 ἣ
944 1405 1006 1445 διὰ
1044 1406 1088 1446 τὸ

223 1476 353 1521 κάλλος
389 1477 414 1521 ἢ
447 1474 510 1516 διὰ
545 1476 589 1515 τὸ
620 1477 835 1529 ἀφωνητείν.
892 1472 1089 1513 Posterius

220 1546 325 1582 certe
351 1542 632 1595 incongruum,
661 1541 750 1593 quia
774 1542 847 1580 hoc
877 1554 989 1581 sensu
1016 1539 1090 1580 dici

223 1609 413 1649 debuisset
458 1613 567 1649 muta
595 1608 692 1649 sicut
719 1609 869 1662 imago,
894 1621 972 1648 non
996 1608 1087 1660 pul-

223 1689 291 1718 cra
320 1677 547 1734 (πρέπουσα)
562 1707 571 1722 ,
605 1678 643 1715 et
668 1678 771 1715 errat
793 1674 944 1715 Paleius
967 1687 1088 1727 quum

217 1744 298 1796 Jam
339 1757 442 1784 nunc
474 1743 634 1796 virginis
675 1756 717 1783 os
763 1742 973 1796 obligatum
1014 1756 1086 1796 pu-

221 1814 303 1860 tat,
347 1811 448 1864 quod
490 1811 574 1851 fieri
604 1814 687 1851 tum
725 1811 877 1850 demum
907 1809 1087 1859 debebat,

222 1893 339 1932 quum
376 1879 418 1919 in
455 1891 562 1919 aram
603 1877 816 1919 tolleretur.
858 1878 918 1918 Ad
943 1879 1090 1918 formae

221 1946 518 2001 pulcritudinem
556 1946 844 1997 significandam
880 1945 1089 1986 similitudo

219 2015 405 2068 imaqinia
439 2014 500 2055 vel
527 2014 698 2068 sculptae
728 2013 790 2056 vel
816 2014 940 2068 pictae
965 2015 1088 2056 Grae-

220 2082 274 2123 cis
311 2082 435 2136 poetis
475 2083 670 2123 interdum
718 2086 942 2136 usurpatur.
985 2084 1088 2123 Lau-

219 2150 332 2191 datur
354 2151 490 2205 Eurip.
515 2151 614 2191 Hec.
636 2152 715 2191 558
734 2165 743 2187 =
769 2153 987 2200 (ΠολυξένηἸ
1007 2169 1089 2204 μα-

225 2218 334 2266 στοὺς
359 2216 396 2261 τ’
424 2219 546 2266 ἔδειξε
577 2224 717 2276 στέρνα
738 2216 770 2260 θ’
787 2223 835 2266 ὡς
848 2222 1087 2272 ἀγάλματος.

222 2287 464 2328 Chaeremon
508 2287 676 2340 tragicus
719 2288 820 2340 apud
862 2288 1006 2328 Athen.
1049 2301 1089 2340 p.

225 2353 304 2393 608
329 2354 389 2402 Β,
418 2353 483 2393 ubi
510 2354 557 2394 dc
580 2353 744 2394 saltante
766 2354 916 2408 virgine
930 2355 1089 2396 dicitur:

227 2424 375 2478 αἰθέρος
412 2425 597 2475 θεάμασιν
621 2429 745 2474 ζῶσαν
767 2429 913 2479 γραφὴν
937 2426 1090 2479 ἔφαινεν.

225 2489 445 2542 Utrumque
468 2503 559 2531 vero
589 2491 742 2531 mollius
757 2522 769 2539 ,
799 2492 961 2544 opinor,
977 2504 1092 2544 quam

225 2557 406 2610 Aeschyli
440 2571 548 2598 musa
597 2559 712 2600 ferat.
781 2559 955 2598 Maxime
999 2571 1092 2600 vero

222 2623 351 2665 obstat
376 2625 647 2678 grammatica,
689 2638 786 2679 quae
819 2639 898 2666 non
925 2626 1016 2667 sinit
1044 2629 1093 2675 ὡς

225 2697 264 2734 ἐν
303 2698 469 2750 γραφαῖς
509 2693 583 2733 dici
622 2706 694 2747 pro
737 2696 786 2741 ὡς
817 2702 945 2751 γραφή
982 2709 1012 2734 S.
1044 2698 1093 2742 ὡς

223 2764 342 2803 εἰκών.
398 2762 446 2802 Id
480 2774 558 2802 non
587 2761 774 2816 probatur
801 2763 983 2816 exemplis
1011 2763 1089 2802 Eu-

224 2829 382 2883 ripidis,
411 2842 505 2882 quos
532 2829 763 2883 interpretes
782 2831 999 2871 conferunt.
1041 2831 1090 2870 In

225 2895 374 2936 Phoen.
418 2897 494 2937 131
512 2928 524 2945 ,
569 2901 792 2955 ἀστερωπὸς
828 2902 864 2939 ἐν
891 2905 1094 2955 γραφαῖσιν

225 2962 559 3017 interpretandum
598 2967 781 3006 stellatus
807 2967 851 3006 in
879 2968 1005 3019 clypei
1025 2968 1090 3020 pi-

228 3031 373 3080 cturis,
417 3035 460 3072 nt
486 3033 604 3073 vertit
632 3032 955 3082 Valckenaerius;
985 3037 1024 3074 et
1051 3035 1092 3074 in

230 3098 318 3139 Ion.
347 3100 453 3148 274,
495 3104 620 3157 ὥςπερ
659 3105 695 3142 ἐν
730 3109 860 3160 γραφῇ
896 3105 1093 3155 νομίζεται

231 3165 418 3218 significat
456 3172 503 3208 ut
538 3182 601 3208 res
638 3169 682 3208 in
714 3171 884 3222 picturis
901 3172 1092 3224 finyitur.

230 3232 415 3275 Similiter
442 3235 484 3276 h.
513 3234 542 3276 l.
573 3238 622 3284 ὡς
646 3240 683 3277 ἐν
701 3244 866 3293 γραφαῖς
880 3237 1093 3291 significare

229 3302 382 3340 tantum
433 3305 560 3355 potest
613 3309 659 3345 ut
710 3306 755 3344 in
784 3306 958 3358 picturis
1000 3319 1091 3346 con-

231 3367 410 3419 spicitur,
439 3369 478 3408 h.
507 3382 542 3410 e.
570 3370 640 3410 tali
667 3371 799 3412 habitu
828 3372 931 3425 quali
963 3372 1092 3426 depic-

230 3436 311 3473 tam
338 3435 550 3484 cernimus,
581 3445 799 3494 πρέπουσαν
816 3439 957 3479 scilicet
971 3443 1095 3481 πένθει

233 3504 358 3558 λυγρῷ
371 3535 384 3555 ,
409 3502 529 3554 qualis
542 3503 693 3546 Electra
706 3507 748 3546 in
764 3508 938 3560 Choeph.
954 3520 1011 3548 vs,
1027 3508 1094 3547 18.

234 3570 333 3609 Inde
373 3569 561 3619 efficitur,
607 3572 687 3624 jam
744 3573 923 3627 Aeschyli
973 3576 1096 3616 aetate

1167 1061 1394 1116 Iphigeniae
1435 1060 1735 1101 immolationem
1776 1075 1798 1102 a
1825 1062 2035 1115 pictoribus

1168 1143 1386 1184 expressam
1421 1130 1538 1170 fuisse
1554 1161 1566 1178 ,
1608 1129 1705 1169 sicut
1733 1132 1863 1182 postea
1891 1132 2034 1170 factum

1167 1212 1191 1239 a
1230 1198 1435 1239 Timanthe
1480 1197 1522 1237 in
1563 1197 1764 1238 nobilitata
1798 1197 1862 1238 illa
1886 1199 2037 1252 pictura

1167 1279 1282 1319 quam
1323 1265 1453 1306 laudat
1482 1265 1632 1306 Plinius
1661 1266 1830 1314 XXXV,
1863 1267 1935 1314 10,
1967 1268 2037 1307 36.

1168 1335 1219 1374 cf.
1267 1333 1447 1374 Welcker
1485 1333 1631 1387 Trilog.
1675 1348 1716 1387 p.
1754 1335 1850 1374 412.
1917 1336 2038 1388 Saepe

1168 1404 1298 1442 autem
1340 1401 1478 1455 tragici
1514 1404 1649 1455 poetae
1676 1415 1737 1443 res
1768 1402 1826 1442 sui
1853 1403 2039 1456 temporis

1167 1469 1207 1510 in
1237 1469 1430 1510 heroicam
1459 1472 1622 1510 aetatem
1648 1471 1914 1519 transferunt;
1933 1471 2039 1511 simi-

1167 1538 1257 1578 liter
1302 1537 1343 1577 in
1399 1538 1514 1579 Eum.
1570 1539 1622 1578 50
1657 1539 1798 1591 Pythia
1853 1542 2042 1580 memorat

1170 1605 1435 1659 Harpyiarum
1464 1606 1678 1659 picturam3
1708 1605 1782 1646 alia
1813 1606 1894 1659 ejus
1922 1620 2041 1660 gene-

1169 1673 1224 1712 ris
1251 1675 1515 1713 memorantur
1541 1673 1582 1713 in
1609 1670 1748 1727 Eurip.
1772 1673 1899 1728 Hipp.
1920 1675 2042 1715 1009.

1169 1740 1309 1781 Troad.
1340 1739 1436 1780 682.

1225 1806 1304 1846 209
1331 1819 1388 1859 sq.
1429 1814 1677 1864 παρεννέπειν
1702 1806 1842 1851 θέλουσ’
1863 1809 1916 1850 id.
1942 1810 2043 1862 quod

1170 1874 1347 1914 usitatius
1386 1883 1614 1932 παρειπείν,
1657 1876 1755 1916 sicut
1792 1883 2047 1934 προςεννέπειν

1172 1942 1274 1982 idem
1303 1944 1402 1995 quod
1432 1951 1658 2000 προςειπεῖν.
1691 1944 1824 1986 Prom.
1853 1959 1912 1988 vs.
1942 1948 2042 1987 130:

1171 2017 1357 2067 πατρῴας
1383 2017 1495 2064 μόγις
1527 2017 1771 2068 παρειποῦσα
1799 2020 1949 2071 φρένας.

1228 2082 1315 2120 ἐπεὶ
1343 2082 1522 2126 πολλάκις
1540 2112 1548 2121 .
1572 2112 1582 2120 .
1599 2112 1610 2122 .
1635 2080 1816 2136 ἐμέλψαθ’
1831 2084 1912 2124 κτὲ.
1945 2083 2047 2123 Sunt

1170 2145 1288 2187 verba
1324 2147 1462 2200 quibus
1496 2147 1740 2202 Iphigeniam
1767 2150 1815 2190 ad
1841 2151 2047 2191 flectendos

1172 2215 1394 2268 principum
1437 2216 1585 2256 animos
1628 2217 1686 2257 uti
1721 2217 1885 2259 voluisse
1912 2219 2046 2272 opina-

1173 2286 1238 2323 tur
1268 2283 1435 2324 Chorus.
1493 2285 1606 2337 Quod
1634 2287 1761 2327 antem
1790 2289 1903 2338 poeta
1925 2287 2047 2340 virgi-

1171 2363 1261 2391 nem
1316 2351 1463 2404 regiam
1523 2353 1564 2392 in
1606 2354 1780 2395 convivio
1821 2355 1944 2408 patris
1984 2368 2048 2396 ca-

1173 2421 1330 2459 nentem
1383 2420 1499 2468 facit,
1556 2421 1657 2473 quod
1704 2422 1885 2475 Aeschyli
1926 2424 2051 2464 aetate

1174 2488 1405 2544 αὖλητρίδων
1459 2501 1600 2529 munus
1653 2492 1758 2538 erat,
1815 2489 1855 2530 id
1895 2492 2049 2532 tantum

1172 2554 1280 2595 abest
1311 2560 1354 2595 ut
1385 2556 1745 2609 reprehendendum
1776 2557 1975 2608 videatur,
2005 2562 2051 2600 ut

1173 2623 1301 2676 potius
1328 2623 1464 2664 decens
1507 2623 1558 2665 sit
1585 2627 1624 2664 et
1655 2628 1950 2667 consentaneum
1980 2628 2050 2668 he-

1172 2691 1266 2731 roici
1308 2691 1391 2731 aevi
1446 2691 1705 2745 simplicitati,
1759 2706 1835 2746 quo
1877 2696 2053 2749 tempore

1171 2759 1367 2812 virginum
1413 2762 1451 2799 et
1489 2759 1698 2801 mulierum
1730 2761 1897 2802 conditio
1927 2762 2053 2804 multo

1170 2825 1364 2866 liberalior
1401 2829 1484 2867 erat
1508 2841 1624 2880 quam
1658 2833 1804 2882 postea.
1828 2853 1884 2861 —
1911 2837 2049 2888 τριτό-

1174 2895 1326 2936 σπονδον
1347 2902 1494 2937 παιᾶνα
1516 2898 1626 2936 vocat
1636 2910 1825 2950 paeanem
1839 2898 1906 2951 qui
1919 2912 1941 2939 a
1955 2913 2046 2940 con-

1171 2963 1268 3002 vivis
1296 2962 1502 3003 canebatur
1530 2965 1586 3004 ad
1612 2965 1771 3006 tertiam
1795 2967 2040 3016 libationem,

1172 3043 1268 3082 quae
1294 3029 1408 3070 fiebat
1434 3038 1491 3087 τῷ
1519 3039 1676 3090 Σωτῆρι,
1711 3035 1809 3074 Rem
1836 3021 2043 3076 illustravit

1172 3097 1432 3138 Blomfieldius
1460 3100 1507 3139 ad
1535 3101 1577 3140 h.
1593 3100 1620 3141 l.
1658 3114 1756 3154 quae
1783 3116 1887 3142 nunc
1914 3104 2040 3143 omni·

1172 3165 1243 3206 bus
1284 3168 1375 3206 nota
1403 3170 1488 3215 est,
1516 3168 1686 3222 exposita
1726 3182 1749 3209 a
1785 3170 1962 3211 Bekkero
1998 3171 2040 3211 in

1172 3232 1369 3283 Charicle,
1388 3234 1477 3276 Vol.
1494 3235 1516 3275 I
1531 3240 1570 3276 et
1586 3235 1689 3278 alibi.
1709 3239 1897 3292 εὔποτμον
1912 3270 1922 3286 ,
1936 3239 2040 3293 sau-

1171 3306 1297 3348 stum,
1324 3302 1487 3355 felicem
1502 3335 1513 3351 ,
1542 3316 1618 3356 quo
1659 3318 1773 3344 sensu
1804 3306 2042 3358 frequentius

1174 3371 1357 3423 εὐτυχής,
1399 3373 1443 3409 ut
1483 3371 1524 3410 in
1562 3370 1665 3413 Plat.
1692 3372 1817 3426 Legg.
1845 3372 1932 3412 III.
1963 3373 2040 3422 10,

1174 3450 1215 3490 p.
1246 3437 1350 3476 691:
1402 3440 1551 3494 θεοφιλῆ
1588 3441 1628 3480 δὲ
1671 3443 1735 3482 καὶ
1778 3442 1918 3495 εὐτυχῆ
1958 3443 2042 3483 τινὰ

1175 3507 1342 3558 λέγοντες
1385 3507 1554 3561 ἑβδόμην
1599 3513 1735 3565 ἀρχήν.
1784 3533 1839 3539 -
1895 3516 2042 3551 παιᾶνα

1177 3575 1318 3627 ἐτίμα,
1355 3588 1493 3628 nempe
1536 3589 1611 3616 una
1643 3577 1812 3617 canendo
1839 3577 1899 3617 vel
1926 3579 2042 3617 cantu
