2306 3944
780 193 850 241 IN
882 191 1400 242 AGAMEMNONEM.
1897 190 1990 238 173

192 343 391 400 Paridis,
434 343 515 391 sed
547 343 637 407 ipsi
671 343 879 392 adultero
915 344 1104 408 ejusque
1137 343 1336 390 familiae
1370 347 1415 389 et
1448 341 1716 406 aequalibus
1748 340 1864 387 ultio
1901 345 1999 387 erat

192 432 372 492 parata:
408 431 545 491 atque
579 428 667 474 hoc
702 431 771 475 est
804 427 929 491 quod
964 428 1141 474 Chorus
1176 427 1300 475 dicit.
1349 426 1572 473 Franzius
1604 429 1759 473 autem
1787 424 1999 471 addenda

192 512 356 559 vocula
381 513 490 559 noch
524 511 685 558 callide
710 510 1027 558 difficultatem
1051 510 1354 572 subterfugit:
1377 526 1487 558 nam
1508 509 1636 557 istud
1660 510 1807 567 „noch
1827 536 1896 544 -
1917 507 2000 555 den

191 596 386 643 Enkeln''
435 595 660 657 significat
715 599 760 642 et
809 595 923 658 ipsis
975 594 1159 641 sceleris
1205 595 1469 642 auctoribus
1521 600 1567 642 et
1595 593 1791 659 posteris
1825 607 2000 639 eorum.

190 679 402 743 Denique
450 678 578 726 istud
617 681 904 740 ἀτολμήτως
924 677 1048 739 ”Αρή
1083 680 1310 728 πνεόντων
1344 681 1551 742 μεῖζονῖἂ
1585 681 1769 736 δικαίως
1803 679 1900 723 tam
1932 675 2002 722 in-

190 758 422 819 eleganter
472 756 648 803 dictum
699 761 768 803 est
805 760 859 803 ut
902 756 981 803 vix
1024 771 1241 817 graecum
1277 756 1448 804 credas.
1516 757 1669 805 Verbo
1696 758 1817 822 ’‘Apn
1844 764 1997 817 πνεῖν,

189 841 361 902 spirare
392 840 607 896 Martem,
656 839 876 902 languide
926 837 1138 885 additum
1189 840 1502 900 ἄτολμήτως;
1553 840 1818 902 languidius
1862 841 2000 888 etiam

189 923 298 970 huic
332 923 560 984 adjectum
593 927 752 987 μεῖζον
781 925 806 981 ἢ
834 925 1033 982 δικαίως.
1077 921 1170 969 Sed
1204 922 1510 971 concedamus
1543 928 1667 972 recte
1701 925 1789 972 hoc
1824 925 2001 971 dictum

190 1024 311 1065 esse,
365 1024 459 1055 non
505 1012 661 1054 tamen
711 1011 871 1071 aptum
917 1011 987 1053 est
1037 1006 1207 1054 sensui.
1276 1006 1414 1067 Troja
1463 1023 1638 1069 poenas
1681 1008 1770 1054 luit
1811 1024 1908 1055 non
1941 1008 2000 1055 ob

189 1091 401 1139 bellicam
450 1090 713 1149 audaciam,
761 1090 845 1139 sed
883 1095 1072 1155 propter
1112 1091 1283 1137 fastum
1331 1094 1377 1137 et
1416 1091 1676 1139 luxuriem:
1716 1093 1832 1139 haec
1865 1109 2002 1140 causa

189 1175 321 1233 mali,
378 1192 517 1240 quam
566 1175 745 1223 Chorus
787 1175 1119 1223 animadvertit.
1188 1174 1454 1222 Ostendunt
1486 1175 1599 1223 haec
1617 1214 1628 1233 ,
1666 1193 1805 1240 quam
1837 1193 2002 1240 parum

191 1259 373 1308 Franzii
422 1259 664 1324 explicatio
715 1259 789 1306 vel
844 1275 949 1306 cum
992 1258 1140 1323 ipsius
1187 1258 1385 1306 lectione
1418 1259 1492 1306 vel
1527 1275 1633 1306 cum
1665 1264 1828 1324 poetae
1863 1277 2003 1309 sensu

192 1344 434 1410 conspiret.
500 1344 678 1391 Eadem
724 1344 819 1391 fere
869 1344 1024 1392 valent
1056 1343 1113 1391 de
1147 1343 1345 1390 lectione
1378 1343 1650 1392 Hermanni.
1720 1345 1893 1393 Sensus
1921 1361 2002 1409 po-

191 1428 284 1476 tius
316 1429 521 1494 postulat
553 1445 714 1476 versus
750 1428 916 1490 exigua
949 1428 1202 1475 mutatione
1235 1427 1300 1475 sic
1335 1428 1500 1475 scribi:

780 1541 1024 1602 πέφανται
1046 1541 1084 1589 δ’
1117 1542 1316 1602 ἐγγενὴς

785 1624 1071 1682 ἀτολμήτων
1101 1619 1276 1683 ’'Aps-14,

691 1705 915 1753 πνέοντων
952 1705 1121 1766 μείζον’
1161 1705 1185 1759 ἢ
1215 1705 1402 1762 δικαίως

689 1784 930 1845 Φλεόντων
964 1783 1184 1847 δωμάτων
1220 1786 1430 1847 ὑπέρφευ
1452 1815 1515 1825 -

194 1891 355 1939 Statim
393 1894 577 1952 apparet
623 1884 781 1939 sceleri
826 1893 1068 1941 adhaerens
1109 1893 1266 1940 vindecet
1299 1896 1431 1942 Mars
1448 1933 1460 1953 ,
1496 1897 1667 1959 quando
1700 1898 1821 1943 altra
1842 1897 1929 1958 fas
1962 1910 2007 1942 se

194 1977 361 2024 attollit
392 1977 541 2023 domus
572 1976 711 2023 nimia
733 1978 963 2039 felicitate
996 1981 1198 2043 affluens,
1256 1977 1407 2043 ’Ἄρης
1433 1981 1560 2044 apud
1582 1985 1743 2045 poetas
1772 1980 2009 2028 interdum

195 2060 379 2108 easdem
410 2060 549 2113 habet
581 2065 734 2124 partes
775 2078 888 2126 quas
923 2069 1043 2120 Δίκη
1077 2065 1151 2111 vel
1183 2063 1374 2127 Ἐρινύς.
1430 2065 1537 2114 Vid.
1560 2066 1680 2113 infra
1701 2082 1766 2113 vs.
1788 2068 1914 2112 1510
1942 2081 2007 2128 sq.

195 2146 272 2193 Sic
323 2145 524 2209 Choeph.
576 2148 668 2192 939
707 2145 858 2209 ’Ἄρης
908 2149 1084 2211 tropice
1133 2154 1324 2197 vocatur
1364 2150 1488 2197 ultor
1522 2151 1702 2197 caedis:
1738 2151 1886 2211 ἔμολε
1918 2156 2006 2210 μὲν

194 2232 306 2281 δίκα
341 2231 624 2292 Πριαμίδαις
663 2232 842 2293 χρόνῳ,
877 2270 888 2280 .
921 2270 931 2281 .
966 2272 976 2281 .
1005 2234 1154 2295 ἔμολε
1203 2233 1242 2283 δ’
1290 2235 1338 2292 ἐς
1373 2235 1509 2296 δόμον
1536 2240 1616 2285 τον
1651 2234 2006 2298 Ἀγαμέμνονος

194 2311 392 2369 διπλοῦς
435 2316 588 2373 λέων,
631 2314 834 2370 διπλοῦς
868 2310 1036 2375 ”Αρής.
1068 2339 1133 2349 —
1176 2316 1376 2378 ἐγγενὴς
1426 2318 1748 2378 ἀτολμήτων,
1801 2316 2009 2362 Scelerum

197 2394 330 2458 quasi
373 2399 600 2457 coynatm,
643 2395 722 2458 qui
758 2411 812 2441 ea
847 2412 1027 2460 semper
1061 2398 1316 2446 comitatur.
1383 2399 1610 2447 Usitatius
1643 2401 1731 2447 hoc
1766 2417 1904 2448 sensu
1942 2399 2009 2446 ‹li-

197 2482 365 2525 cuntur
387 2482 648 2542 συγγενής,
682 2484 940 2542 σύγγονος,
973 2483 1218 2545 συμφυής,
1255 2485 1537 2546 σύμφυτος,
1565 2488 1618 2530 ut
1651 2484 1702 2531 in
1729 2484 1815 2531 hac
1851 2484 2009 2531 fabula

197 2578 261 2609 vs.
295 2562 404 2611 107.
442 2565 582 2611 1190.
622 2579 763 2627 quare
797 2564 835 2610 si
867 2564 912 2612 h.
946 2565 975 2612 1.
1011 2566 1150 2613 scribi
1183 2567 1350 2631 aliquis
1383 2569 1513 2615 malit
1548 2570 1797 2631 πέφανται
1835 2588 2011 2630 συγγε-

199 2653 273 2706 νῆς
302 2648 616 2708 ἀτολμήτων,
654 2647 868 2712 equidem
903 2665 999 2697 non
1034 2651 1179 2699 obsto.
1248 2652 1464 2699 Ceterum
1503 2653 1728 2700 vocabula
1764 2651 1880 2698 haec
1912 2655 2009 2698 tam

197 2731 450 2794 genitivum
512 2748 652 2796 quam
708 2733 913 2780 dativum
964 2734 1240 2784 adsciscunt.
1294 2739 1520 2788 πνεόντων
1551 2740 1776 2800 δωμάτων
1820 2741 1890 2784 est
1933 2753 2009 2799 ge·

197 2816 370 2863 nitivus
416 2817 783 2881 consequentiae.
816 2848 883 2854 —
917 2822 1116 2882 μεγάλα
1151 2826 1277 2871 πνεῖν
1315 2821 1372 2868 de
1408 2823 1780 2885 superbientibus
1828 2821 2008 2869 dicitur.

198 2900 358 2963 Eurip.
391 2901 556 2949 Troad.
593 2902 717 2951 1277
740 2926 749 2950 :
787 2905 817 2955 ὦ
846 2910 1048 2967 μεγάλα
1074 2906 1127 2960 δή
1152 2926 1272 2956 ποτε
1294 2914 1495 2956 πνέουσα
1510 2908 1557 2957 ἐν
1576 2910 1825 2969 βαρβάροις
1845 2911 2007 2968 Τροία.

201 2986 408 3047 ὑπέρφευ
456 3002 551 3034 non
597 2994 775 3036 mutare
831 2989 1093 3037 debuissem
1143 2991 1193 3037 in
1227 2995 1338 3053 ὑπὲρ
1369 2993 1481 3054 φεῦ.
1535 2992 1602 3040 Cf.
1635 2993 1759 3040 Pers.
1797 2995 1911 3039 820:
1947 2993 2006 3048 ὡς

201 3069 291 3131 οὐχ
324 3071 720 3132 ὑπέρφευ-θνητὴ
746 3075 862 3123 ’ὄντα
891 3081 984 3135 χρὴ
1021 3075 1216 3135 φρονεῖν.

261 3184 340 3232 Vs.
374 3190 482 3235 343.
550 3190 669 3240 ἔστω
701 3191 741 3239 δ’
779 3193 1055 3253 ἀπήμαντον
1088 3193 1195 3242 κτὲ.
1251 3191 1387 3239 Hanc
1420 3194 1695 3240 sententiam
1729 3193 1848 3241 male
1884 3194 2007 3240 solli-

204 3267 403 3317 citarunt
448 3272 621 3330 critici3
663 3275 871 3322 tollenda
904 3280 1086 3322 tantum
1117 3276 1296 3340 virgula
1329 3281 1434 3340 post
1467 3280 1740 3339 ἀπήμαντον
1792 3283 1837 3325 et
1869 3278 2011 3325 verba

203 3351 291 3399 hoc
340 3354 499 3403 ordine
543 3358 810 3420 jungenda:
863 3362 984 3410 ἔστω
1017 3360 1057 3409 δ’
1103 3361 1214 3411 ὥστ’
1262 3363 1480 3424 ἐπαρκεῖν
1526 3365 1804 3424 ἀπήμαντον
1841 3368 1922 3414 καὶ
1955 3361 2006 3413 εἷ’]

204 3440 439 3499 πραπίδων
455 3434 718 3504 ’λαχόντα.
787 3445 871 3491 Est
904 3444 1189 3507 hyperbaton
1222 3446 1474 3508 particulae
1509 3452 1617 3510 καὶ,
1672 3448 1810 3495 etiam
1852 3446 2010 3494 latinis

203 3523 352 3584 poetis
369 3561 381 3581 ,
413 3524 606 3573 Horatio
639 3529 930 3590 praesertim,
965 3528 1090 3575 haud
1128 3529 1423 3594 infrequens:
1464 3533 1686 3595 continqat
1717 3537 1768 3580 ut
1798 3548 1939 3594 sospes
1967 3537 2010 3579 et

165 3678 172 3685 ι
206 3609 370 3654 valeam
398 3626 529 3656 sanae
560 3614 712 3659 mentis
746 3630 936 3675 compo&
970 3630 1053 3676 pro
1084 3618 1133 3660 ut
1167 3616 1332 3662 valeam
1358 3632 1500 3677 sospes
1529 3621 1571 3664 et
1593 3633 1725 3665 sanae
1749 3634 1804 3665 m.
1831 3632 2008 3678 compos.
