2340 3958
922 181 1390 229 ΑΓΑΜΕΜΝΩΝ.
1990 172 2055 223 27

587 343 830 409 ἔπεμπεν·
865 343 967 405 Ἴδη
1007 344 1095 406 μὲν
1133 343 1247 410 πρὸς
1285 345 1511 407 Ἑρμαῖον
1549 339 1708 398 λέπας

254 457 357 507 250

584 564 754 630 Ἀθῷον
792 559 934 622 αἶπος
981 562 1125 624 Ζηνὸς
1163 561 1438 624 ἐξεδέξατο

583 454 806 518 Λήμνου·
846 453 1012 517 μέγαν
1050 453 1098 505 δὲ
1136 452 1286 506 πανὸν
1325 453 1378 505 ἐκ
1415 452 1553 515 νήσου
1591 450 1744 517 τρίτον

584 679 847 744 ὑπερτελής
887 699 942 731 τε
979 677 1148 731 πόντον
1187 679 1246 736 ὡς
1285 676 1524 738 ἐνώτισεν,

585 786 731 852 ἰσχὺς
770 790 996 852 πορευτοῦ
1033 785 1323 850 λαμπάδος,
1365 785 1478 852 πρὸς
1517 786 1677 848 ήδονην

582 895 762 957 πεύκης
800 894 855 947 τὸ
893 894 1247 962 χρυσοφεγγές
1286 892 1346 954 ὥς
1385 915 1458 954 τις
1498 894 1624 957 ήλιος

251 1010 357 1059 255

585 1116 607 1167 ὂ
647 1116 684 1167 δ’
723 1115 824 1169 οὔτι
864 1115 1059 1179 μέλλων
1097 1114 1188 1169 οὐδ’
1228 1114 1556 1185 ἀφρασμόνως
1596 1115 1723 1182 ῦπνῳ

589 1005 739 1065 σέλας
779 1004 1163 1072 παρηγγοέρευσε
1200 1005 1460 1059 Μακίστου
1499 1011 1705 1064 σκοπαῖς
1725 1022 1735 1032 ·

1989 1136 2068 1176 290

586 1227 833 1292 νικώμενος
872 1234 1086 1293 παρῆκεν
1126 1227 1349 1291 οὶγγέλου
1388 1226 1558 1294 μέρος,

594 1337 707 1396 ἑκὰς
746 1337 796 1390 δὲ
832 1342 1047 1405 φρυκτοῦ
1085 1343 1191 1406 φῶς
1232 1336 1309 1390 ἐπ’
1349 1336 1556 1405 Εὐρίπου
1596 1337 1703 1404 5002.-

579 1448 873 1502 Μεσσαπίου
913 1447 1106 1516 φύλαξι
1146 1448 1368 1512 σημαίνει
1407 1448 1572 1513 μολόν.

223 1613 226 1617 .
255 1560 358 1610 260

586 1667 765 1735 γραίας
811 1666 987 1733 ἐρείκης
1027 1667 1179 1732 θωμὸν
1218 1667 1439 1734 ἅψαντες
1479 1668 1605 1735 πυρί.

587 1559 626 1611 οἱ
666 1558 704 1610 δ”
743 1558 1078 1624 ἀντέλαμψαν
1123 1558 1205 1610 καὶ
1246 1559 1591 1624 παρήγγειλαν
1631 1558 1786 1624 πρόσω

1994 1687 2072 1726 295

591 1777 818 1830 σθένουσα
854 1777 1070 1842 λαμπὰς
1109 1776 1147 1829 δ’
1187 1778 1367 1830 οὐδέπω
1406 1779 1738 1844 μαυρουμένη,

582 1889 895 1955 ὑπερθοροῦσα
932 1888 1088 1941 πεδίον
1129 1888 1380 1953 Ἀσωποῦ,
1421 1889 1550 1951 δίκην

585 1999 799 2067 φαιδροῖς
837 2001 1069 2063 σελήνης,
1111 2000 1223 2067 πρὸς
1266 2001 1542 2068 Κιθαιρῶνος
1583 2000 1742 2060 λέπας

254 2188 307 2234 V.
335 2192 430 2233 250.
468 2190 580 2232 Libri
616 2198 738 2249 φανόν.
775 2193 984 2233 Athenaeus
1013 2199 1141 2236 πανόν.
1199 2194 1294 2234 251.
1315 2193 1470 2235 ”Αθωον.
1531 2194 1627 2234 252.
1657 2195 1914 2250 ὑπερτελῆστε
1943 2200 2076 2236 πόντον

309 2268 407 2307 ὥστε
433 2267 588 2307 νωτίσαι
615 2265 673 2305 Μ.
704 2267 921 2322 ὑπερτελείς
943 2282 987 2308 τε
1005 2266 1052 2306 Β.
1073 2268 1186 2322 ὑπεὶρ
1204 2269 1287 2313 ἕλης
1305 2284 1349 2308 τε
1370 2266 1431 2306 Fl.
1451 2268 1577 2306 cetera
1592 2266 1690 2306 sicut
1708 2267 1766 2306 M.
1825 2267 1920 2308 254.
1939 2269 2071 2315 πεύκη.

309 2339 407 2379 255.
461 2341 571 2385 σέλας
617 2341 910 2395 παραγγείλασα
959 2349 1062 2382 Μακ.
1108 2344 1262 2386 σκοπάς.

311 2408 476 2452 ’Δσωποῦ
505 2410 568 2451 Fl.

255 2555 304 2596 ab
331 2569 408 2598 uno
444 2559 576 2598 monte
613 2558 660 2597 ad
690 2558 910 2611 proximum
938 2571 1126 2611 quemque

257 2622 323 2664 lux
360 2625 583 2678 pertingere
622 2627 762 2678 posset.
820 2626 929 2666 Voss.
959 2626 1007 2666 ad
1034 2627 1123 2666 Me-

253 2690 332 2731 lam
373 2706 416 2746 p.
447 2693 541 2733 119.
598 2693 830 2734 Tractarunt
864 2694 969 2734 hunc
998 2693 1125 2735 locum

253 2759 424 2814 Mongez
463 2760 505 2800 in
545 2761 670 2801 Mem.
703 2762 806 2801 Nov.
836 2761 882 2801 de
908 2761 1055 2802 l’Acad.
1085 2763 1123 2802 d.

253 2826 439 2881 Inscript.
472 2829 515 2869 Τ.
547 2828 598 2870 V.
639 2829 824 2870 Thiersch
862 2829 1055 2871 Abhandl.
1085 2831 1123 2871 d.

253 2895 480 2936 Miinehner
506 2896 629 2936 Akad.
660 2897 711 2938 V.
742 2897 805 2938 II.
834 2912 875 2951 p.
905 2900 973 2939 35.

307 2963 404 3004 252.
432 2965 639 3022 ὑπερτελής
679 2982 722 3007 τε
763 2968 842 3008 κτὲ.
911 2969 1124 3024 ὑπερτελὴς

253 3035 387 3072 πόντον
414 3035 563 3074 ἐνώτισε
591 3037 649 3074 est
689 3035 742 3076 id.
772 3035 875 3087 quod
902 3038 1122 3092 ὑπερέβαλε

253 3105 351 3140 νῶτα
381 3103 596 3154 θαλάσσης,
629 3103 750 3142 maris
774 3108 923 3157 terqum
946 3105 1122 3156 trajecit.

253 3169 418 3218 νωτίζειν
457 3173 514 3209 est
554 3169 780 3210 vocabulum
807 3171 1022 3224 poeticum,
1054 3186 1119 3212 cu-

249 3231 315 3284 jus
355 3247 434 3276 non
467 3238 559 3278 satis
594 3238 749 3279 definita
787 3241 845 3279 est
871 3239 1119 3293 significatio:

253 3301 365 3351 notet
404 3305 443 3343 et
483 3309 594 3358 ter-qa
621 3307 719 3346 dare
745 3307 824 3347 sive
837 3308 985 3361 suffere
1012 3313 1051 3348 et
1076 3309 1121 3348 in

242 3365 391 3419 fuqam
429 3375 604 3420 vertere;
644 3373 740 3413 item
774 3379 924 3427 terqum
953 3376 1119 3428 (corpus)

254 3433 400 3473 circum
424 3439 564 3489 teqere.
579 3461 635 3471 —
661 3442 869 3498 ὑπερτελὴς
883 3442 1011 3482 eodem
1032 3456 1118 3482 sen-

255 3514 300 3541 su
352 3513 428 3552 quo
478 3504 580 3546 infra.
619 3521 676 3549 vs.
719 3511 799 3550 359
852 3513 1116 3567 ὑπερτελέσαι.

255 3573 450 3611 Μάκιστον
488 3571 552 3612 hic
578 3573 651 3614 dici
676 3580 847 3618 montem
875 3577 1051 3619 Euboeae
1078 3579 1119 3619 in

1335 2341 1431 2382 263.
1483 2340 1630 2381 παιδίον
1679 2344 1781 2381 ὠποῦ
1831 2341 1894 2381 Μ.
1950 2342 2078 2382 πέὸιον

1208 2557 1497 2612 septentrionali
1545 2561 1656 2612 parte
1697 2560 1813 2599 situm
1856 2560 1919 2611 (ad
1969 2559 2077 2601 littus

1207 2626 1495 2676 Artemisium),
1542 2640 1588 2667 ex
1628 2627 1761 2667 ordine
1800 2630 1837 2667 et
1864 2627 2077 2669 intervallis

1205 2693 1377 2735 locorum
1406 2694 1613 2748 colligitur.
1662 2695 1741 2747 Qui
1769 2695 1943 2747 sequitur
1970 2697 2076 2736 Mes-

1204 2763 1339 2815 sapius
1366 2765 1422 2802 est
1445 2763 1487 2802 in
1512 2763 1670 2803 Boeotia
1699 2776 1745 2802 ex
1775 2763 1932 2803 adverso
1958 2763 2075 2804 Chal-

1205 2830 1298 2871 cidis
1310 2847 1322 2879 3
1353 2831 1456 2870 hunc
1480 2831 1622 2884 excipit
1641 2832 1849 2871 Cithaeron
1877 2831 1919 2871 in
1943 2831 2077 2873 eadem

1204 2898 1361 2951 regione
1388 2899 1630 2952 Megaridem
1658 2912 1812 2947 versu33
1843 2900 1947 2939 hunc
1971 2902 2077 2953 Αἰγί-

1206 2969 1420 3020 πλαγκτος,
1451 2967 1658 3006 secundum
1688 2966 1818 3007 Schol.
1847 2980 1958 3008 mons
1986 2969 2076 3008 Me·
2095 2998 2111 3009 s

1205 3036 1368 3088 garidis‚
1427 3048 1515 3075 cum
1571 3048 1646 3087 quo
1699 3036 1861 3088 quadrat
1902 3035 2075 3076 locorum

1205 3102 1298 3143 ordo
1312 3120 1324 3150 ;
1382 3103 1483 3142 unde
1527 3105 1635 3143 trans
1677 3104 1906 3144 Saronicum
1949 3104 2077 3145 sinum

1204 3173 1434 3224 perventum
1473 3171 1519 3211 ad
1561 3171 1862 3221 Arachzaeum,
1905 3174 2077 3212 montem

1205 3238 1413 3291 Argolidis.

1260 3306 1354 3346 295.
1383 3311 1504 3363 γραῖα
1530 3310 1680 3363 ἐρείκη,
1729 3309 1836 3349 erica
1864 3321 1990 3356 anus,
2031 3310 2076 3348 ut

1201 3373 1311 3413 latini
1339 3375 1455 3414 etiam
1482 3379 1617 3427 poetae
1642 3376 1775 3416 dicunt
1793 3377 1926 3430 fieus,
1958 3377 2074 3416 cbar-

1203 3447 1269 3490 ta,
1302 3446 1404 3482 testa
1433 3456 1544 3483 anus.
1587 3443 1795 3497 Sophocles
1823 3445 1964 3498 fragm.
1983 3443 2071 3491 CV,

1202 3511 1302 3550 139:
1319 3512 1457 3566 γραίας
1473 3516 1635 3560 ἀκάνθης
1649 3517 1819 3560 πάππος.
1852 3514 1905 3554 cf.
1927 3511 2072 3552 Blomf.

1202 3580 1241 3618 et
1267 3578 1444 3620 Boisson.
