2340 3958
291 155 380 200 126
934 149 1432 198 COMMENTARIUS

291 302 427 349 etiam
460 301 776 355 sollicitatum,
811 303 934 346 recte
970 298 1290 346 Blomfieldius
1324 299 1373 346 in
1406 299 1720 347 recentissima
1755 299 1956 347 editione
1991 302 2094 348 reti-

292 385 498 432 nendum
522 401 620 431 esse
645 383 812 430 docuit.
864 382 1023 429 Minus
1041 382 1165 443 juste
1189 382 1462 445 interpretes
1486 382 1807 447 acquieverant
1829 384 1878 430 in
1901 383 2096 431 lectione

294 469 466 517 ὕπατοι
503 471 708 529 λεχέων,
744 465 870 529 quod
901 465 1077 512 dictum
1108 466 1270 513 volunt
1303 482 1386 529 pro
1423 469 1534 528 ὑπὲρ
1572 471 1776 529 λεχέων.
1829 468 1890 514 At
1914 469 2097 527 ὕπατος

291 551 516 612 significat
546 566 751 606 summus,
786 549 831 597 vi
866 549 1151 613 superlativi,
1203 549 1342 614 idque
1376 566 1470 597 non
1505 550 1650 611 magis
1684 551 1796 612 poni
1829 555 1981 614 potest
2015 567 2099 614 pro

293 637 405 695 ὑπὲρ
435 649 573 697 quam
605 633 746 679 latine
781 633 961 680 dicatur
991 634 1146 680 summi
1185 634 1390 681 cubilium
1421 635 1612 681 volantes
1646 649 1730 696 pro
1763 650 1898 696 supra
1926 635 2099 682 cubilia.

293 718 386 764 Hic
420 733 473 763 eo
495 716 640 778 magis
663 717 878 774 offendit,
902 716 1011 783 quia
1033 716 1187 764 statim
1211 717 1335 765 idem
1357 717 1635 765 vocabulum
1652 717 1861 781 sequitur
1879 757 1889 775 ,
1915 718 2098 776 ὕπατος

295 801 335 848 δ’
381 800 491 850 ἀΐων
510 837 521 855 ,
576 800 763 864 propria
807 800 1152 863 significatione.
1232 802 1403 849 Sensus
1457 801 1661 865 postulat
1709 803 1862 851 ἐπάνω
1898 806 2101 863 λεχέων.

297 881 559 929 Similitudo
592 883 830 932 literarum
863 883 1111 932 initialium
1151 904 1250 934 υπα
1291 888 1335 931 et
1380 904 1475 934 επα
1509 883 1642 931 facile
1676 899 1875 930 errorem
1908 884 2100 947 peperit.

361 966 518 1014 Altera
568 966 813 1016 difficultas
863 973 932 1016 est
975 968 1025 1015 in
1072 970 1216 1018 τῶνδε
1262 973 1506 1030 μετοίκων.
1574 967 1723 1016 Schol.
1775 968 1975 1031 explicat
2024 969 2102 1016 ἐπὶ

299 1055 389 1100 τῶν
422 1055 803 1110 μετοικισθέντων
836 1059 1055 1108 νεοσσῶν,
1091 1055 1137 1098 et
1182 1050 1247 1097 sie
1285 1051 1493 1115 plerique
1527 1051 1827 1115 interpretes,
1857 1053 2105 1114 jungentes

296 1134 370 1180 vel
403 1137 509 1196 γόον
559 1137 701 1186 τῶνδε
734 1140 988 1196 μετοίκων,
1024 1137 1187 1182 luctum
1221 1136 1274 1181 ab
1297 1137 1446 1196 pullos
1480 1136 1708 1193 abductos,
1742 1136 1815 1183 vel
1849 1138 1992 1188 τῶνδε
2025 1156 2107 1196 με·

298 1221 461 1267 τοίκων
500 1216 694 1278 Ἐρινύν,
744 1222 973 1280 raptorum
999 1221 1230 1280 pullorum
1268 1220 1464 1266 ultorem.
1532 1219 1676 1282 Atqui
1714 1220 1801 1267 hoe
1840 1235 1979 1266 sensu
2019 1234 2105 1265 1166

299 1303 444 1352 τῶνδε
481 1316 568 1348 1166
605 1307 835 1362 μετοίκων
872 1303 1149 1350 conveniens
1185 1306 1266 1350 est.
1336 1304 1478 1352 τῶνδε
1514 1301 1683 1350 dieitur
1722 1304 1779 1350 de
1818 1303 1875 1350 iis
1915 1302 1995 1366 qui
2028 1301 2107 1349 ad-

299 1389 431 1442 sunt,
482 1401 576 1432 non
629 1385 687 1432 de
738 1386 795 1432 iis
847 1387 929 1450 qui
963 1392 1277 1445 evanuerunt,
1317 1392 1371 1435 ut
1403 1388 1522 1452 pulli
1554 1387 1655 1445 isti3
1701 1392 1919 1451 μέτοικος
1954 1391 2108 1434 autem

299 1486 382 1532 per
421 1486 470 1516 se
507 1470 734 1532 positum,
787 1470 958 1518 dicitur
1008 1471 1088 1536 qui
1139 1471 1298 1519 sedem
1343 1488 1474 1519 suam
1513 1472 1604 1520 alio
1643 1471 1879 1519 transtulit
1915 1471 1989 1518 vel
2027 1469 2109 1534 qui

301 1553 478 1600 alienae
529 1554 759 1602 societatis
807 1555 1039 1622 particeps
1088 1557 1237 1604 factus
1277 1560 1369 1613 est,
1421 1573 1516 1604 non
1558 1556 1616 1603 de
1656 1572 1710 1603 eo
1745 1555 1827 1620 qui
1861 1572 1886 1602 e
1921 1553 2110 1602 sedibus

304 1636 400 1684 suis
452 1637 497 1685 vi
547 1639 764 1703 abreptus
810 1643 891 1687 est.
961 1641 1201 1704 Sophoclis
1242 1641 1381 1688 schol.
1423 1640 1483 1687 ad
1523 1640 1640 1688 Oed.
1681 1640 1779 1687 Col.
1821 1656 1862 1687 v.
1899 1642 1994 1686 934
2023 1638 2111 1685 hoc

302 1721 519 1786 Aeschyli
553 1723 729 1771 dictum
761 1727 956 1786 tangens
992 1724 1050 1771 de
1083 1725 1198 1788 ipsis
1230 1724 1515 1781 vulturibus,
1550 1724 1784 1788 pullorum
1816 1722 2109 1786 parentibus,

302 1805 490 1869 accipit,
535 1812 781 1869 μετοίκους
814 1824 899 1871 pro
949 1809 1149 1868 ἐνοίκους
1204 1808 1381 1855 dictum
1430 1808 1688 1855 arbitratus.
1755 1807 1940 1854 Fefellit
1986 1807 2112 1853 hunc

304 1905 410 1936 vera
441 1889 578 1951 hujus
610 1891 822 1938 vocabuli
855 1892 1154 1954 significatio:
1201 1897 1414 1954 μέτοικοι
1449 1892 1541 1939 dici
1573 1895 1770 1956 possunt
1803 1897 1845 1942 οἱ
1890 1893 2111 1942 ἐνοικοῦν·

304 1992 412 2031 τες,
446 1978 672 2037 quatenus
711 1975 820 2022 facti
860 1980 968 2022 sunt
1007 1975 1302 2023 habitationis
1337 1976 1529 2037 alicujus
1563 1975 1705 2033 socii,
1727 1991 1981 2039 numquam
2002 1989 2111 2022 vero

302 2055 368 2102 ita
400 2057 552 2104 vocari
584 2064 780 2121 possunt
811 2059 902 2107 loci
935 2059 1130 2122 alicujus
1163 2060 1434 2122 indigenae,
1472 2061 1631 2124 quales
1664 2060 1740 2107 1116
1762 2063 1871 2106 sunt
1891 2059 2110 2106 vultures.

303 2141 482 2188 Novam
507 2143 860 2206 explicationem
882 2144 1074 2208 protulit
1105 2145 1395 2206 Hartungius
1412 2183 1424 2202 ,
1467 2148 1720 2207 αἰγυπιοῦς
1754 2144 1941 2208 proprio
1974 2143 2114 2206 signi-

303 2225 441 2271 ficatu
474 2229 723 2287 μετοίκους
741 2268 753 2286 ,
804 2229 1039 2293 inquilinos
1055 2267 1066 2286 ,
1121 2229 1213 2276 dici
1247 2229 1535 2285 existimanS,
1570 2228 1697 2293 quod
1734 2229 1783 2276 in
1821 2229 1995 2292 templo
2034 2228 2114 2275 ali-

306 2309 435 2370 cujus
485 2309 678 2357 deorum
725 2311 928 2370 illorum,
982 2312 1231 2376 Apollinis,
1271 2313 1434 2370 Panis,
1474 2312 1624 2370 Jovis,
1678 2312 1843 2360 nidum
1882 2312 2112 2360 fecissent.

303 2393 545 2442 Probabile
578 2395 666 2442 hoc
698 2395 890 2444 forsitan
925 2401 1068 2454 esset,
1102 2397 1141 2444 si
1175 2397 1231 2444 de
1256 2397 1444 2445 ciconiis
1468 2401 1605 2461 poeta
1625 2397 1912 2461 loqueretur,
1934 2413 2030 2444 non
2053 2396 2113 2444 de

305 2478 470 2542 aquilis
492 2479 566 2527 vel
586 2480 860 2529 vulturibus.
893 2481 1151 2530 Hermanni
1173 2482 1547 2546 explicationem,
1566 2487 1792 2542 μετοίκων
1814 2481 2114 2544 intelligentis

307 2563 364 2610 de
392 2563 573 2611 Helena
596 2569 641 2612 et
664 2567 906 2628 sejunctim
929 2567 1169 2615 scribentis
1196 2575 1287 2619 τῶν
1322 2570 1373 2618 δὲ
1406 2573 1664 2630 μετοίκων,
1698 2583 1784 2613 1166
1826 2583 1989 2614 sensus
2026 2567 2115 2614 fert

306 2664 391 2694 nec
418 2648 647 2709 junctura.
715 2650 843 2712 Quid
876 2651 1042 2714 plura?
1086 2656 1312 2712 μετοίκων
1343 2666 1488 2714 quum
1523 2649 1811 2697 commodam
1849 2650 2114 2713 explicatio-

306 2748 412 2779 nem
450 2749 545 2779 non
583 2733 820 2793 admittat,
871 2735 1045 2783 mutavi
1093 2734 1143 2782 in
1192 2736 1303 2796 μετ’
1350 2736 1528 2784 οἴκτων.
1579 2733 1802 2780 Junctura
1843 2738 1951 2797 γόος
1999 2735 2109 2795 μετ’

307 2819 471 2866 οἴκτων
518 2833 551 2864 S.
587 2821 696 2878 μετ’
733 2823 922 2877 οἴκτου,
957 2823 1098 2867 luctus
1130 2836 1226 2866 cum
1258 2821 1422 2881 ejulatu
1440 2856 1451 2875 ,
1487 2818 1673 2865 Graecis
1706 2834 1801 2865 non
1825 2817 2009 2864 insolita
2031 2821 2113 2864 est.

308 2900 382 2946 Sic
415 2917 481 2948 vs.
515 2903 608 2947 456
647 2905 802 2952 ἰοστῶν
835 2901 984 2965 Φοίτις
1017 2910 1102 2954 σῦν
1132 2905 1272 2964 κότῳ.
1307 2918 1372 2949 VS.
1411 2901 1502 2950 776
1540 2904 1858 2963 χρυσόπαστα
1877 2900 1917 2949 δ’
1943 2902 2113 2950 ’έδεθλα

308 2991 389 3034 σῦν
437 2989 547 3047 πίνῳ
595 2991 763 3047 χερῶν.
813 2986 1025 3049 Sophocl.
1075 2986 1267 3033 Philoct.
1324 2987 1446 3032 298:
1493 2987 1729 3044 οἰκουμένη
1777 2988 1928 3045 στέγη
1975 2988 2112 3045 πυρος

307 3071 453 3127 μέτα.
516 3068 647 3115 Plato
688 3068 744 3115 de
783 3069 896 3133 Rep.
938 3070 975 3118 I.
1013 3088 1058 3133 p.
1095 3073 1189 3117 330
1227 3070 1270 3116 A
1303 3073 1444 3131 γῆρας
1478 3074 1606 3129 μετα
1639 3073 1814 3125 πενίας.
1872 3067 1940 3115 Cf.
1974 3068 2114 3131 Soph.

310 3149 423 3197 Oed.
459 3150 554 3198 Col.
591 3154 745 3198 1632:
782 3155 842 3210 ὥς
880 3155 986 3214 ἀνὴρ
1017 3158 1227 3214 γενναῖος
1245 3154 1326 3202 οὐκ
1354 3155 1511 3202 οἴκτου
1534 3156 1663 3212 μέτα
1678 3151 1924 3212 κατῄνεσεν
1940 3151 2114 3201 τάδ’-

309 3233 461 3280 Etiam
497 3234 688 3296 pluralis
723 3238 871 3286 οἴκτοι
905 3253 1000 3283 11011
1033 3234 1310 3284 inusitatus:
1350 3235 1414 3282 ita
1448 3234 1607 3297 Suppl.
1646 3237 1737 3281 385
1758 3273 1770 3292 ,
1805 3251 1921 3298 quos
1955 3252 2114 3283 versus

310 3316 374 3362 sic
407 3316 627 3378 legendos
661 3318 886 3366 arbitror:

809 3411 937 3467 μένει
973 3429 1043 3459 τοι
1081 3417 1222 3468 Ζῆνος
1256 3413 1408 3458 inv-iou
1441 3411 1579 3465 κότος

739 3488 1179 3548 Συςπαραθέλκτους
1214 3491 1449 3550 παρόντας
1485 3491 1677 3545 οἴκτοις.

311 3565 437 3612 Libri
471 3566 688 3616 mendose
725 3568 1151 3630 ἒυςπαραθέλκτοις
1189 3574 1414 3629 παθόντος
1450 3574 1641 3628 οἴκτοις.
